3082 5446
688 527 845 585 -105-

233 656 441 745 habebant,
455 657 598 728 ducum
610 667 741 730 tamen
755 657 930 751 potentia
943 678 1024 727 non
1038 655 1296 746 minuebatur,

233 796 326 845 nam
344 774 542 875 praepositi
556 775 618 844 vel
633 774 765 845 ballivi
783 774 928 868 ubique
949 774 1296 862 constituebantur,

233 900 278 960 ut
306 891 499 960 maiorum
517 891 580 961 vel
609 891 858 961 scabinorum
886 900 972 961 acta
998 890 1249 961 observarent
1265 896 1297 977 ¹3

236 1006 342 1100 quod
371 1028 452 1076 non
480 1006 677 1099 prohibuit
700 1007 994 1098 Burgundiones
1015 1008 1109 1100 quin
1134 1007 1301 1076 maxime

236 1123 377 1215 opibus
399 1123 579 1193 florerent
598 1145 687 1194 cum
709 1134 942 1194 mercatores
961 1122 1202 1216 artificesque
1221 1144 1302 1192 ma-

236 1239 293 1328 gis
316 1239 358 1307 in
384 1239 465 1309 dies
488 1238 730 1310 lucrarentur
752 1240 1030 1332 hominumque
1055 1248 1156 1308 esset
1173 1239 1301 1308 multi·

235 1354 330 1424 tudo
342 1349 365 1424 ’.
389 1355 523 1447 Itaque
542 1356 765 1446 Burgundio
780 1377 883 1426 nova
898 1356 930 1424 si
952 1355 1198 1448 componitur
1213 1376 1303 1424 cum

235 1470 459 1560 Burgundia
483 1471 548 1541 illa
566 1472 729 1564 pristina
745 1493 863 1564 quam
881 1471 1006 1541 tribus
1030 1472 1169 1542 seculis
1189 1479 1303 1541 antea

237 1586 386 1679 accepit
410 1585 603 1657 Robertus
627 1587 657 1675 Ι,
687 1587 792 1657 haud
822 1587 1014 1657 immerito
1049 1587 1203 1677 Hugoni
1234 1586 1300 1674 III,

237 1701 343 1773 Alidi
358 1703 405 1772 de
421 1701 599 1793 Vergeio,
616 1703 770 1794 Hugoni
796 1703 850 1774 IV
871 1704 932 1774 vel
947 1702 1117 1773 Roberto
1133 1702 1181 1790 ΙΙ,
1197 1701 1304 1795 quod

237 1817 443 1909 prudentia
464 1827 503 1888 et
523 1820 747 1889 strenuitate
773 1819 958 1889 ducatum
970 1819 1159 1907 auxerint,
1187 1819 1304 1888 maxi·

237 1955 311 2004 mae
348 1935 563 2005 tribuendae
590 1944 679 2005 sunt
715 1935 863 2006 laudes,
892 1934 993 2006 Num
1016 1958 1085 2029 per
1122 1933 1304 2025 injuriam

239 2051 364 2121 omitti
383 2059 548 2143 possunt
563 2052 781 2144 superiores
801 2052 931 2138 duceS,
950 2052 1018 2143 qui
1032 2050 1223 2121 modestia
1241 2049 1303 2120 vel

239 2167 418 2236 comitate
446 2168 488 2235 in
509 2166 742 2257 Burgundiae
761 2167 878 2237 rebus
898 2166 1073 2257 gerendis
1096 2166 1195 2236 hanc
1214 2186 1303 2258 pro-

239 2283 464 2376 speritatem
478 2292 714 2376 paraverunt
729 2281 748 2351 ?

267 2537 430 2589 1611111111,
454 2534 558 2580 charos
581 2535 611 2581 de
631 2507 771 2580 communes
790 2537 813 2580 et
829 2534 1084 2590 d'affrancttssement
1100 2545 1130 2577 en
1142 2532 1303 2593 Bourgogne,

240 2620 258 2662 t.
272 2617 291 2672 1,
303 2631 331 2676 p.
346 2617 394 2674 316,
405 2631 433 2661 n.
447 2629 468 2665 1.
482 2615 720 2672 Cf.Sn1orouos,o.
737 2629 760 2661 c.
778 2629 803 2674 p.
820 2616 889 2671 1416.

266 2730 287 2762 2.
296 2717 312 2762 J
317 2755 322 2765 .
336 2717 463 2771 Gramen,
474 2717 512 2761 La
521 2715 657 2761 Rechcrchc
669 2715 781 2774 desseux
792 2728 823 2760 en
832 2716 985 2774 Bourgogne
994 2726 1046 2760 aux
1055 2723 1109 2760 xiv·
1120 2716 1144 2759 ct
1155 2722 1200 2759 xv·
1211 2709 1304 2768 sidetes,

240 2811 268 2855 p.
280 2800 324 2854 4(1
336 2797 399 2854 vob,
409 2798 496 2856 Dijon‚
509 2798 578 2855 1876).
