3082 5446
704 619 842 676 „74-

241 751 295 821 sic
335 749 598 842 appellantur
624 749 664 820 in
704 750 908 821 feudorum
941 750 1126 841 regimine
1160 759 1308 821 certum

241 867 371 936 locum
391 875 536 953 tenent,
548 866 706 936 domino
719 867 872 936 cuidam
886 876 1038 959 parent,
1053 866 1229 936 vassallis
1240 867 1310 936 im·

239 992 391 1076 perant.
404 982 611 1069 Quomodo
627 982 745 1052 duces
761 1004 850 1052 cum
863 983 1038 1075 utrisque
1060 1005 1099 1051 se
1121 982 1310 1072 gesserint

190 1146 193 1151 >
240 1121 343 1168 nunc
373 1097 626 1191 quaerendum
653 1107 723 1182 est,
754 1107 798 1168 ut
833 1119 967 1168 eorum
997 1097 1155 1188 regendi
1189 1120 1310 1188 genus

240 1214 354 1306 plane
369 1212 484 1283 nobis
504 1214 701 1304 cognitum
720 1214 803 1283 sit¹.

292 1330 389 1399 Cum
415 1329 542 1399 civilia
566 1338 604 1398 et
632 1338 791 1399 externa
819 1328 922 1399 bella
951 1331 1130 1401 saevirent
1153 1330 1194 1399 in
1217 1329 1311 1399 Bur·

244 1445 388 1535 gundia
427 1454 597 1514 extremo
636 1445 786 1515 decimo
827 1445 971 1534 seculo,
1004 1446 1066 1515 vel
1105 1445 1312 1516 undecimo

242 1562 414 1648 ineunte,
428 1570 511 1631 tum
526 1561 759 1652 Burgundiae
778 1561 962 1632 nobilitas
978 1562 1173 1654 specimen
1188 1562 1311 1656 quod·

243 1677 334 1747 dam
355 1677 532 1747 militaris
550 1676 764 1747 nobilitatis
784 1678 885 1748 laeta
905 1687 975 1749 cst.
996 1677 1150 1748 Etenim
1164 1678 1312 1770 impen-

242 1792 422 1863 dentibus
449 1793 644 1887 pcriculis,
667 1793 807 1886 reliqui
832 1794 989 1883 ingenui
1015 1793 1232 1864 libertatem
1256 1795 1311 1864 sic

242 1909 559 1980 abalienaverunt
587 1918 630 1979 ut
658 1909 699 1979 in
729 1909 914 1979 Besuensi
938 1909 1119 1979 chronico
1139 1909 1313 2002 frequen·

241 2024 388 2094 tissime
402 2025 651 2095 inveniantur
665 2034 764 2113 acta,
779 2024 920 2117 quibus
934 2024 1077 2095 milites
1091 2024 1195 2095 bona
1205 2024 1311 2095 dono

243 2140 336 2210 dant
364 2139 531 2210 abbatiae
564 2149 608 2209 ut
638 2141 883 2210 securitatem
912 2150 1077 2212 servent.
1101 2140 1197 2230 Quae
1230 2162 1311 2210 non

243 2266 381 2326 cuncta
398 2255 629 2347 proferenda
645 2261 748 2344 sunt,
758 2255 865 2348 quod
879 2256 982 2326 dicta
1002 2255 1137 2326 eadem
1152 2256 1307 2344 iterant,

243 2371 310 2441 sed
346 2371 580 2464 quibusdam
609 2371 795 2463 exemplis
827 2380 980 2442 tantum
1008 2394 1107 2465 opus
1136 2380 1207 2442 est.

290 2486 360 2557 Hic
376 2487 601 2558 Lambertus
624 2509 642 2556 «
664 2510 752 2557 cum
770 2510 890 2558 uxore
911 2488 1162 2570 sua,nomine
1181 2487 1310 2556 Erem-

242 2602 367 2692 burgi,
385 2626 429 2672 ac
452 2603 582 2672 liberis
608 2604 819 2690 Framiero,
842 2613 877 2673 et
897 2603 1115 2689 Dominieo‚
1132 2625 1172 2672 se
1191 2601 1311 2673 tradit

244 2727 377 2787 sancto
389 2717 502 2786 Petro
519 2718 568 2787 ad
584 2718 846 2787 serviendum¹
859 2741 901 2805 »3
920 2718 1018 2788 alius
1032 2718 1233 2788 monachis
1244 2717 1310 2787 dat

245 2856 264 2901 «
290 2854 445 2902 omnem
472 2832 724 2903 hereditatem
751 2834 854 2903 alodi
878 2834 950 2919 sui,
972 2856 1059 2926 quae
1082 2834 1116 2903 ei
1131 2833 1218 2925 jure
1241 2818 1309 2925 pa·

242 2959 353 3018 terno
397 2957 581 3037 cesserat,
622 2948 769 3042 absque
804 2949 1108 3019 contradictione
1141 2949 1309 3018 hominis

242 3065 379 3134 ullius³
396 3087 436 3151 »3
462 3065 559 3133 alius
581 3086 601 3133 «
622 3063 898 3134 beneficium...
911 3064 960 3134 ad
975 3065 1180 3154 integrum,
1198 3064 1252 3134 ita
1267 3072 1309 3134 ut

243 3202 369 3272 neque
389 3179 486 3271 ipse,
501 3201 628 3272 neque
649 3179 746 3249 alius
763 3180 947 3249 heredum
962 3201 1121 3249 suorum
1136 3188 1308 3272 repetere

271 3535 293 3569 1.
322 3522 465 3578 Diligenter
495 3526 522 3567 et
545 3523 646 3566 minute
666 3522 813 3567 describere
832 3535 890 3578 quae
912 3523 992 3567 luerit
1023 3522 1163 3567 feudorum
1196 3522 1313 3566 conditio

244 3603 271 3647 in
297 3603 446 3658 Burgundia
465 3605 525 3647 ante
547 3603 617 3646 tertii
639 3603 732 3647 decimi
756 3603 836 3646 seculi
859 3603 959 3647 exitum
985 3603 1056 3646 haud
1081 3603 1164 3657 facile,
1191 3603 1252 3659 quia
1278 3602 1310 3645 de

243 3683 283 3726 liis
293 3683 372 3726 rebus
385 3695 466 3738 prope
477 3682 554 3727 silent
570 3683 672 3726 chartae:
690 3683 911 3739 Antiquissimum
924 3683 993 3726 enim
1009 3683 1148 3726 feudorum
1163 3685 1242 3738 atque
1254 3693 1312 3726 vas·

243 3763 368 3807 sallorum
381 3762 454 3806 ducis
471 3762 595 3812 codicem,
605 3765 717 3806 exeunte
736 3762 814 3805 tertio
835 3761 936 3806 decimo
956 3762 1051 3816 seculo,
1063 3762 1236 3806 constitutum
1253 3773 1309 3805 esse
1400 3778 1402 3783 ¹

244 3843 320 3887 nobis
342 3842 447 3886 videtur
469 3842 594 3893 (Archtoes
616 3839 836 3897 de'partemcntoles
857 3841 887 3885 de
908 3842 934 3885 la
955 3840 1136 3899 Cels-d'Or,B.
1152 3843 1201 3896 4⁰⁰-
1221 3841 1310 3885 Certu-

245 3924 308 3967 ltu'rc
320 3922 362 3967 des
378 3922 451 3979 tirfs).
476 3922 605 3974 Adventu,
627 3922 865 3972 denumeramenta‚
885 3922 1001 3965 hominia
1020 3922 1131 3965 ducibus
1151 3921 1219 3976 data,
1239 3934 1309 3965 anno

245 4005 295 4058 1184
323 4007 425 4047 tantum
452 4014 607 4057 cognoscere
627 4001 751 4058 possibile
775 4005 815 4045 est
835 4001 908 4051 (leid.
930 4005 955 4045 Β.
981 4002 1079 4057 saluo).
1101 4001 1159 4044 Jam
1179 4002 1212 4045 de
1234 4002 1310 4045 duca·

244 4087 286 4127 tus
312 4083 407 4126 linibus
438 4083 552 4126 diximus
578 4081 680 4126 nullum
706 4082 785 4125 fuisse
812 4086 912 4126 certum
939 4081 1126 4125 documentum
1150 4084 1211 4125 ante
1234 4095 1309 4138 quar

246 4168 301 4207 tum
320 4163 449 4207 decimum
469 4162 585 4206 seculum
597 4164 633 4213 (Β.
654 4162 712 4215 256).
735 4161 765 4205 ln
777 4162 826 4205 hoc
838 4163 922 4219 capite
935 4163 1014 4218 igitur
1026 4173 1142 4205 summas
1155 4173 1242 4204 rerum
1254 4165 1309 4206 tan·

245 4248 300 4288 tum
313 4243 489 4299 exquiremus.
501 4265 527 4274 —
539 4242 617 4299 Quod
631 4242 743 4298 pertinet
760 4242 793 4285 ad
807 4242 905 4286 ducum
917 4255 977 4286 cum
990 4242 1103 4286 Franciae
1120 4242 1226 4298 regibus
1241 4253 1309 4286 com-

246 4323 379 4377 mercium,
401 4322 555 4379 plerumque
574 4321 607 4365 ad
626 4321 797 4365 eruditissimi
817 4321 865 4365 viri
890 4322 1024 4366 Lucuamu
1044 4320 1169 4378 operibus
1187 4321 1311 4367 lectorem

246 4415 400 4459 repetemus.

271 4487 294 4554 a.
315 4508 411 4558 Chron.
429 4510 550 4566 besuense,
564 4522 589 4567 p.
603 4523 653 4567 299.

272 4618 294 4666 3.
315 4615 410 4666 Chron.
428 4617 549 4674 besuense,
564 4630 589 4676 p.
603 4618 652 4674 341.

579 5026 730 5132 fx
