3052 5452
711 605 850 662 „64-

247 756 451 829 peres‚per
469 735 622 805 diversa
635 734 721 804 loca
736 736 802 828 qui
822 734 947 805 Deum
965 735 1104 806 timent
1122 734 1323 828 reperiun-

245 861 328 938 tur;
344 852 539 944 principes
554 860 683 921 autem
697 851 823 921 Deum
837 852 1017 922 timentes
1030 861 1068 923 et
1081 860 1262 922 amantes
1278 853 1322 923 in

245 977 327 1038 toto
347 967 546 1037 occidente
565 968 629 1037 vix
645 967 764 1059 aliqui
784 968 1068 1038 inveniuntur»
1084 967 1108 1039 ¹.
1201 988 1203 994 ·

293 1082 371 1154 Nec
385 1104 504 1176 prave
518 1083 564 1154 dc
581 1083 751 1153 ecclesiae
771 1083 986 1153 commodis
999 1082 1182 1155 censebat
1190 1105 1317 1178 papa,

246 1198 388 1292 quibus
403 1208 531 1269 autem
547 1199 837 1286 adversabatur,
861 1199 893 1269 si
912 1199 990 1268 dux
1005 1198 1165 1292 quidam
1180 1200 1319 1270 omnia

246 1338 316 1387 sua
349 1315 496 1386 clericis
520 1337 666 1407 pronus
695 1313 745 1384 ad
771 1312 986 1384 cedendum
1018 1315 1058 1384 in
1085 1318 1318 1387 monasterii

245 1452 439 1501 secessum
458 1430 683 1520 refugiebat.
708 1430 823 1520 Quod
850 1452 870 1498 e
894 1430 1174 1522 posterioribus
1192 1431 1316 1503 rebus

245 1556 409 1618 constat.
431 1546 512 1616 Etsi
532 1547 635 1615 enim
656 1546 826 1629 tratrem,
847 1566 951 1615 nunc
979 1546 1213 1615 monachum
1233 1547 1314 1617 lac-

242 1673 325 1734 tum
338 1662 621 1748 reverebatur¹‚
643 1661 757 1752 longe
777 1661 887 1731 abest
903 1661 997 1754 quin
1016 1659 1105 1731 Odo
1121 1661 1137 1730 Ι
1156 1670 1240 1731 tam
1259 1663 1315 1732 di-

240 1779 337 1848 tioni
356 1778 527 1849 ecclesiae
550 1801 589 1847 se
611 1778 840 1870 permiserit.
860 1777 979 1863 Tunc,
997 1777 1038 1846 in
1057 1775 1312 1848 ecclesiarum

239 1902 360 1963 terras
375 1915 508 1963 rursus
523 1894 685 1981 incurri3
704 1902 742 1963 et
752 1893 863 1983 llugo
874 1891 1176 1963 Flaviniaceusis
1189 1915 1311 1986 quam

237 2031 385 2101 pronus
416 2009 465 2079 ad
492 2009 744 2079 offensionem
773 2009 887 2079 luerit
911 2008 975 2077 ille
1001 2008 1079 2077 dux
1100 2008 1309 2079 manifesto

237 2123 489 2210 demonstrat,
505 2125 709 2217 siquidem,
722 2135 765 2194 ut
779 2134 911 2194 narrat
924 2125 1021 2217 ipse,
1033 2123 1220 2194 mulctam
1234 2124 1307 2194 im·

235 2241 367 2332 posuit
386 2240 475 2333 equi
500 2240 533 2308 X
554 2240 741 2311 librorum
756 2240 862 2333 quod
880 2241 1116 2310 monasterio
1137 2239 1307 2309 servien-

235 2364 292 2425 tes
315 2355 474 2448 quidam
492 2379 531 2426 se
553 2378 691 2448 parum
713 2358 753 2426 in
775 2355 921 2426 honore
940 2355 1201 2425 habuissent'.
1221 2354 1309 2425 Clu·

233 2472 435 2542 niacenses
454 2473 634 2543 monachi
654 2474 693 2542 in
712 2472 848 2565 primis
864 2480 954 2540 sunt
976 2471 1105 2542 vexati
1116 2483 1140 2560 ⁴,
1164 2479 1201 2541 et
1221 2492 1307 2542 cen·

261 2787 281 2820 1.
300 2776 350 2821 HF.
365 2776 431 2830 XIV,
442 2777 492 2824 aas.
508 2800 536 2810 -
546 2776 597 2820 Diu
608 2776 731 2821 laudibus
742 2779 864 2821 ornatum
874 2777 993 2833 Hugonis
1007 2777 1017 2820 I
1033 2790 1046 2820 t
1063 2775 1137 2821 ducis
1150 2777 1274 2822 monachi
1287 2791 1301 2822 a
1344 2817 1348 2825 .

232 2867 327 2900 nomen
339 2856 367 2900 in
377 2856 485 2901 ccclesia
498 2857 623 2901 remansit
637 2857 687 2911 (Da
700 2856 863 2901 Cuaasmssa.
880 2856 1027 2902 cartulaire
1036 2855 1067 2901 de
1076 2855 1171 2915 t'dgltse
1184 2855 1305 2913 d'Autun,

231 2938 252 2984 t.
266 2936 286 2979 Ι.
302 2935 365 2981 Pars
379 2936 398 2992 1,
411 2949 439 2980 n⁰
451 2936 515 2989 Xll).

257 3047 280 3082 a.
298 3033 416 3080 Priaaan.
433 3035 539 3090 Rceueib
550 3048 576 3092 p,
586 3036 638 3088 2033
659 3036 744 3087 Parra.
758 3039 777 3080 t.
794 3035 815 3084 1.
831 3039 872 3080 Pr.
888 3036 922 3091 58,
932 3037 966 3089 or,
981 3037 1017 3090 62,
1029 3047 1070 3091 993
1086 3035 1181 3079 Banna.
1201 3035 1303 3080 Reeucil

231 3115 273 3159 des
287 3115 388 3160 Chartae
400 3116 430 3159 de
444 3115 532 3171 Cluny.
544 3115 594 3159 vol.
606 3116 626 3170 4,
640 3128 665 3172 p.
679 3116 727 3171 653,
738 3122 765 3159 n·
777 3117 829 3160 &531
843 3116 913 3168 (Dux
930 3114 1008 3160 Oddo
1022 3115 1082 3158 tecit
1092 3115 1170 3159 aliam
1183 3115 1304 3160 donatio·

233 3206 293 3238 nem
308 3193 470 3238 Cluniacensi
486 3197 681 3242 monasterio...
701 3194 733 3240 Et
743 3195 792 3239 boc
806 3196 866 3240 iecit
880 3198 974 3250 rogatu
994 3194 1083 3238 domni
1104 3193 1231 3250 Hugonis,
1252 3196 1303 3240 ira·

232 3273 279 3318 tris
291 3274 339 3328 sui,
347 3273 402 3330 J'am
413 3276 475 3317 tunc
488 3274 615 3325 monachi,
627 3275 673 3318 sed
686 3278 746 3318 ante
756 3275 843 3331 ipsum
856 3275 948 3327 ducis).
964 3300 989 3307 -
1005 3275 1126 3320 Monaclti
1145 3275 1301 3320 molesmen·

230 3365 271 3398 ses
283 3365 343 3397 cum
352 3353 548 3398 benefactorum
558 3355 654 3410 gratias
667 3353 756 3399 Odoni
770 3356 779 3399 l
790 3368 868 3412 agere
879 3355 1028 3411 voluerunt,
1041 3359 1097 3400 tum
1108 3369 1120 3399 ι
1133 3356 1264 3401 dederunt
1275 3357 1302 3401 ei

229 3432 335 3477 loricam
345 3433 424 3490 precii
437 3433 544 3489 triginta
555 3434 690 3489 librorum,
707 3447 787 3491 quam
799 3434 883 3492 Hugo,
900 3436 981 3480 frater
992 3436 1057 3493 eJ‘us,
1071 3436 1131 3480 Dux
1144 3431 1300 3492 Burgundie

228 3513 381 3570 temporalia
401 3518 494 3571 cuncta
513 3518 717 3573 postponens...
730 3516 768 3560 eis
784 3516 894 3572 largitus
909 3516 1156 3571 itterat»(Pa11r,t.
1170 3516 1188 3560 1.
1203 3516 1244 3561 Pr.
1254 3518 1299 3570 tir).

257 3611 277 3655 ³.
289 3611 406 3656 llueosrs
418 3613 525 3656 Fmvnv.
540 3612 636 3660 Chron.
655 3613 701 3658 SS.
717 3613 785 3667 Vlli,
797 3626 824 3671 p.
838 3615 886 3668 480.
899 3637 925 3648 -
942 3614 1001 3658 Atio
1019 3614 1069 3669 die,
1088 3614 1299 3660 Flaviniaceuses

228 3691 348 3734 monachi
361 3692 449 3735 Odoni
460 3691 608 3736 idederunt
620 3693 699 3736 etiam
710 3705 831 3750 «equum
844 3698 948 3738 centum
959 3694 1105 3738 solidorum
1115 3706 1163 3750 pro
1176 3693 1298 3739 honore»

228 3770 412 3828 [terranea.

254 3869 276 3924 4.
294 3869 372 3913 Anno
392 3881 444 3925 1⁰97
466 3869 588 3913 Urbanus
608 3870 630 3913 ΙΙ
647 3882 714 3926 papa
734 3870 767 3914 ad
786 3871 923 3927 Hugonem
941 3872 1142 3928 Lugdunensem
1160 3872 1297 3930 archiepis·

223 3961 322 4005 ‘copam
334 3949 517 4007 scripsit:Pr0
539 3962 617 3993 causa
638 3950 815 3995 Cluniacensts
839 3953 990 3997 monasterii
1015 3953 1197 3997 strenuitatem
1221 3956 1295 3997 tuam

227 4028 364 4073 sollicitam
377 4029 509 4084 volumus,
522 4033 559 4085 ut,
572 4043 631 4074 cum
648 4043 663 4074 a
681 4031 788 4075 domino
801 4031 894 4076 abbate
913 4033 1056 4090 requisitus
1073 4033 1160 4087 fueris,
1176 4033 1209 4076 de
1221 4033 1292 4077 Duce

227 4109 389 4165 Burgundite,
396 4110 427 4154 de
436 4109 546 4153 Almone
559 4110 729 4162 Borbonensi,
742 4112 786 4168 qui
800 4123 845 4155 eos
856 4112 949 4156 acriter
961 4113 1108 4167 molestant,
1118 4115 1293 4168 congruenter

223 4188 352 4246 justitiam
369 4191 521 4245 exsequaris
531 4190 590 4241 (llF.
603 4190 668 4245 xlv,
682 4195 737 4246 729).
756 4190 815 4234 Odo
828 4191 838 4234 l
858 4191 952 4248 ipsein
965 4191 1147 4236 Cluniacenses
1156 4192 1252 4249 injuria
1264 4203 1292 4236 se

226 4282 303 4314 usum
316 4282 372 4314 esse
387 4270 522 4314 consessus
532 4274 572 4313 est
582 4270 609 4313 in
626 4270 715 4314 cbarta
730 4272 844 4328 quadam
857 4272 918 4315 anni
931 4284 981 4316 1101
995 4275 1052 4322 (Pro
1063 4272 1142 4329 hujus
1157 4272 1207 4316 loci
1226 4275 1293 4317 cete·

226 4362 367 4407 rerumque
381 4350 556 4394 Clunieusium
576 4350 694 4393 locorum
715 4351 882 4395 intestatione
896 4351 1043 4407 intelligens
1056 4351 1191 4396 offensam.
1207 4355 1291 4406 Purra,

226 4431 244 4472 t.
257 4429 275 4479 1,
287 4429 329 4477 Pr.
342 4431 399 4484 108).
412 4429 449 4474 Cf.
461 4429 578 4488 Hugonis
590 4428 623 4483 11,
637 4429 681 4473 lilii
694 4434 720 4474 et
731 4432 889 4475 successoris
900 4430 1002 4475 Odonis
1012 4432 1031 4486 1,
1044 4431 1161 4488 Dtploma
1172 4445 1179 4475 :
1189 4431 1222 4477 Et
1230 4433 1291 4489 quia

226 4508 317 4552 eedem
334 4510 457 4554 violentie
481 4512 600 4566 tempore
621 4509 735 4554 Ducatus
758 4511 840 4564 patris
861 4511 912 4555 mei
931 4511 1044 4555 maxime
1064 4512 1228 4556 increverant
1249 4513 1290 4569 (D.

227 4589 370 4644 Peaaeuaa,
383 4591 403 4636 t.
420 4589 438 4633 l.
454 4588 495 4634 Pr.
506 4589 553 4645 47).
