3082 5446
707 589 846 647 ..33-

243 718 429 812 temporis
449 719 567 805 curia,
590 718 751 789 notandi
773 727 863 789 sunt
882 740 948 787 sex
971 715 1151 810 officiales
1166 714 1189 805 ¹,
1212 717 1311 787 idest

243 833 508 920 cancellarius,
551 834 793 904 senescalcus
821 833 883 902 vel
917 833 1079 925 dapifer,
1109 844 1309 934 connesta-

242 950 356 1020 bulus
374 949 436 1020 vel
461 948 833 1036 connestabularius,
856 949 1103 1035 camerarius,
1125 949 1311 1041 pincerna

243 1075 280 1135 et
315 1065 572 1135 marescalcus
587 1063 610 1134 ³.
632 1065 808 1157 Denique
831 1073 874 1134 ut
899 1064 940 1132 in
967 1065 1190 1133 thesaurum
1216 1065 1310 1133 reie-

243 1190 376 1252 rantur
388 1181 624 1273 praediorum
644 1180 791 1250 fructus
806 1202 875 1249 seu
894 1179 1036 1248 tributa
1057 1179 1207 1269 exigua,
1222 1202 1309 1272 quae

244 1297 322 1367 dux
350 1296 546 1386 recollegit
571 1317 594 1366 a
621 1296 774 1384 regaliis
802 1304 839 1365 et
868 1296 1095 1384 advocatiiS,
1128 1295 1312 1365 officiales

243 1411 436 1505 quosdam
486 1410 603 1481 habet
646 1411 806 1480 minoris
846 1412 1069 1481 momenti:
1116 1410 1311 1480 thelonea·

245 1528 359 1613 rium,
384 1527 628 1619 praepositoS,
654 1527 721 1618 qui
740 1526 781 1595 in
800 1527 1008 1619 praecipuis
1028 1527 1191 1596 ducatus
1210 1525 1312 1595 urbi-

244 1643 318 1712 bus
340 1642 434 1712 olim
452 1642 632 1728 instituti,
655 1642 695 1710 in
713 1642 901 1711 memoria
916 1642 1041 1711 adhuc
1062 1642 1203 1712 servati
1224 1651 1313 1711 sunt

245 1759 350 1851 quod
375 1779 506 1828 severe
537 1758 722 1849 pecunias
751 1767 957 1847 exegerunt
988 1767 1024 1826 et
1052 1757 1312 1850 querimonias

244 1883 450 1944 moverunt
470 1869 772 1943 acerbissimas³.

271 2104 292 2136 r.
311 2091 440 2137 officiales
451 2094 587 2139 cunctos...
602 2091 721 2135 accersiit
734 2091 814 2143 (Ono.
824 2090 917 2135 lirin
935 2091 998 2136 iliat.
1009 2091 1075 2144 ecci,
1088 2091 1155 2143 xlii,
1170 2094 1211 2142 15).

270 2183 293 2216 a.
311 2172 385 2217 Dixit
396 2172 589 2216 eruditissimus
610 2172 650 2214 vir
671 2171 814 2215 Ssresonos
832 2171 882 2214 sub
900 2171 984 2216 tribus
1006 2172 1125 2226 ducibus,
1138 2173 1182 2228 qui
1200 2172 1315 2228 primum

245 2251 424 2308 Burgundiam
446 2255 580 2307 rexerunt,
604 2263 687 2295 unum
699 2251 891 2304 cancellarium,
911 2264 993 2294 unum
1018 2251 1203 2306 senescalcum,
1233 2264 1315 2295 unum

245 2331 462 2385 comestabulum,
492 2331 545 2375 duo
569 2331 740 2374 marescalcos
765 2333 867 2374 tantum
894 2343 959 2382 esse,
983 2334 1062 2387 atque
1088 2343 1157 2374 anno
1188 2343 1246 2387 1130,
1264 2331 1315 2375 llu-

244 2424 313 2468 gone
325 2411 361 2455 IlI
378 2414 512 2467 regnante,
532 2411 712 2463 camerarium,
732 2422 801 2454 arrno
822 2411 874 2455 1218
886 2410 1072 2455 buticularium
1095 2411 1206 2454 inveniri
1229 2422 1314 2467 posse.

250 2493 311 2536 «ita
335 2495 364 2536 ut
383 2491 478 2536 divisio
503 2492 530 2535 in
554 2494 669 2547 quatuor
690 2490 773 2534 titileia
793 2489 973 2534 tertiodecimo
1000 2491 1088 2534 seculo
1111 2491 1138 2534 in
1162 2490 1314 2545 Burgundio

246 2571 358 2617 existere
381 2571 526 2615 videatur»
549 2573 585 2628 (p.
612 2571 723 2626 ipa-ipim
746 2571 815 2614 idem
840 2570 951 2628 scriptor
977 2571 1037 2615 dicit
1058 2575 1093 2626 tp.
1115 2571 1162 2626 174)
1182 2571 1315 2614 venatoris

246 2651 361 2696 officium
377 2652 509 2708 posterius
530 2663 596 2696 esse.
623 2651 702 2707 Quod
727 2663 780 2694 non
804 2652 912 2695 omnino
932 2663 1024 2695 rerum
1044 2650 1121 2695 nobis
1140 2654 1257 2707 apparet.
1283 2651 1314 2694 Et

245 2731 316 2776 enim
334 2731 388 2776 duo
401 2735 540 2776 venatores
554 2732 609 2788 J'am
628 2731 800 2775 inveniuntur
817 2743 886 2775 anno
903 2731 955 2775 mit
973 2730 1069 2786 (Peru,
1089 2734 1111 2782 t,
1128 2730 1145 2781 1,
1161 2730 1205 2778 Pr.
1218 2731 1251 2782 35,
1270 2732 1314 2782 51),

246 2812 456 2868 camerariusque
476 2814 502 2856 et
521 2811 645 2868 pincerna
659 2823 728 2854 anno
749 2822 801 2854 noo
820 2811 947 2863 (i'rinsno.
965 2809 1071 2862 Recueil,
1092 2824 1119 2867 p.
1135 2812 1181 2864 81).
1197 2834 1222 2842 -
1245 2811 1316 2854 luter

246 2890 403 2949 Burgundiae
423 2892 500 2936 curiae
522 2890 613 2945 oflicia,
631 2890 770 2934 senescalci
790 2902 886 2934 munus
906 2890 1036 2947 inprimis
1057 2891 1244 2946 proferendum
1261 2893 1311 2938 cst.

246 2975 405 3028 Antequam,
419 2975 531 3015 exeunte
545 2971 701 3015 duodecimo
715 2970 811 3023 seculo,
825 2969 938 3014 dominis
951 2970 983 3014 dc
1000 2969 1110 3026 Vergcio
1122 2970 1190 3014 tradi
1207 2971 1315 3016 solitum

247 3053 280 3096 sii
294 3053 451 3107 (Dccnsssn,
462 3050 526 3095 Iliat.
540 3051 570 3095 de
585 3051 674 3109 i'ergy,
684 3063 709 3106 p.
724 3051 760 3094 131
775 3063 828 3107 sq.;
849 3050 977 3104 Gansrsn,
1000 3049 1104 3095 Charias
1123 3050 1153 3095 de
1174 3063 1314 3096 communes

246 3144 277 3176 en
288 3132 447 3190 Bourgopne,
464 3135 482 3176 t.
503 3131 521 3186 l,
540 3144 565 3188 p.
583 3144 603 3187 ῃ,
623 3133 677 3174 not.
700 3143 718 3181 1,
729 3143 754 3187 p.
767 3132 794 3174 25
816 3133 869 3174 not.
888 3134 916 3184 1),
933 3144 1003 3176 nunc
1020 3131 1089 3175 inter
1108 3131 1174 3175 duos
1192 3131 1314 3175 oilleiales

246 3212 421 3266 dividebatur,
441 3223 554 3268 quorum
578 3214 653 3254 erant
675 3211 782 3254 nomina
800 3210 936 3255 Rainerius
958 3215 984 3255 et
1009 3211 1142 3256 riccardus
1170 3211 1315 3263 (Rainerius

246 3292 449 3348 senescalcus...,
470 3291 534 3334 item
553 3290 690 3335 dchardus
709 3291 880 3335 senescalcus.
894 3291 979 3342 Pnrrr,
994 3294 1014 3335 t.
1032 3291 1050 3345 1,
1061 3291 1104 3335 Pr.
1119 3295 1162 3346 99).
1173 3291 1247 3336 Alter
1260 3304 1314 3335 non

247 3372 340 3417 dubito
358 3372 423 3428 quin
444 3370 550 3427 maj0ris
569 3374 634 3414 natu
646 3371 838 3414 successionem
859 3370 989 3425 imbuerit,
1009 3382 1070 3414 nam
1089 3371 1224 3415 Rainerius
1244 3383 1314 3415 anno

248 3466 300 3510 1⁰77
315 3453 371 3510 jam
390 3452 535 3508 diplomata
552 3451 705 3507 subscripsit
729 3451 825 3505 (Perre,
844 3453 861 3494 t.
882 3451 900 3503 l,
920 3451 961 3494 Pr.
984 3451 1028 3505 48),
1045 3455 1068 3495 et
1085 3463 1154 3495 auno
1175 3465 1226 3508 ¹107
1246 3465 1315 3496 unus

248 3535 357 3590 apparet
376 3531 513 3576 dchardus
533 3530 669 3583 (ricardus,
689 3531 798 3587 dapifer,
820 3531 848 3574 in
867 3531 942 3588 cujus
963 3529 1043 3574 lorica
1066 3531 1166 3575 donum
1185 3532 1234 3575 hoe
1258 3544 1318 3576 con-

247 3613 380 3658 firmatum
399 3615 448 3657 est.
474 3611 585 3657 Parint
615 3610 631 3664 l,
647 3611 687 3654 Pr.
711 3611 766 3666 144).
782 3610 834 3655 Nec
848 3611 958 3654 dubium
976 3614 1014 3655 est
1027 3611 1091 3667 qrrin
1103 3611 1225 3655 ciliciales
1247 3612 1317 3656 inter

248 3693 344 3738 milites
357 3693 472 3746 suerunt,
485 3691 507 3734 si
517 3691 579 3734 talia
591 3690 670 3733 verba
678 3691 703 3733 in
713 3691 828 3747 quodam
839 3690 1084 3747 ducumdiplomate
1092 3692 1202 3747 legimus
1210 3704 1215 3735 :
1223 3692 1317 3736 Actum

248 3776 288 3817 est
300 3772 350 3815 hoc
364 3771 436 3828 apud
446 3770 630 3814 Castellioncm
643 3782 731 3814 coram
744 3770 800 3814 istis
810 3770 938 3814 militibus
951 3772 997 3826 qui
1007 3771 1086 3828 bujrrs
1097 3772 1133 3814 rei
1147 3774 1226 3815 testes
1240 3776 1317 3816 sunt:

247 3851 400 3909 Raynerius,
414 3849 587 3900 senescaldns,
604 3849 754 3900 Walterius,
767 3850 953 3894 conestabulus
970 3851 1066 3906 (l'rrrr,
1079 3854 1098 3894 t.
1114 3851 1132 3897 1.
1149 3850 1192 3894 Pr.
1212 3834 1269 3904 ⁴101).
1290 3874 1318 3884 -

249 3932 289 3980 Gi.
306 3931 336 3976 l).
347 3931 495 3983 Puascusn,
508 3933 527 3973 t.
543 3930 572 3979 ll,
589 3943 615 3986 p.
628 3931 669 3974 253
681 3942 720 3986 sq.
734 3942 739 3972 :
755 3928 866 3985 Offieiers
876 3930 919 3974 des
931 3930 992 3974 dues
1002 3931 1031 3974 de
1045 3930 1069 3974 lo
1080 3927 1202 3987 prendere
1214 3943 1279 3974 racc.

274 4012 294 4055 3.
306 4010 481 4055 Praesentibus
494 4011 594 4054 cunctis
604 4013 631 4053 ct
642 4009 738 4053 suturis
749 4013 842 4053 notum
855 4010 1050 4065 essevolumus,
1061 4012 1132 4067 quod
1141 4011 1216 4066 Hugo
1226 4011 1317 4055 Tbelo·

248 4091 354 4135 neurius
368 4090 462 4139 dictus,
484 4089 658 4134 ministerium
680 4088 811 4138 Thelanei‚
837 4089 935 4133 scilicet
952 4090 983 4133 de
996 4091 1151 4146 recipiendis
1171 4091 1316 4135 redditibus

249 4170 463 4215 venditionum...
475 4169 588 4213 amiserit
596 4166 833 4223 (Pituannllecueil,
840 4181 864 4224 p.
877 4169 959 4223 183).-
969 4170 1138 4226 decessitque
1148 4170 1229 4215 abbas
1239 4171 1319 4223 (Viae-

249 4250 379 4302 liacensis)
391 4249 425 4292 ad
434 4249 528 4292 ducem
538 4247 704 4303 Burgundire,
716 4259 811 4302 rogans
823 4259 882 4291 curn
894 4252 920 4291 ut
933 4248 1046 4294 obsessis
1061 4262 1139 4306 opem
1151 4250 1218 4294 ferre
1231 4251 1319 4307 digna·

250 4334 332 4378 retur.
349 4329 469 4374 Protinus
480 4328 522 4372 iile
535 4327 639 4384 scripsit
649 4327 786 4371 (luntardo
798 4329 937 4383 praeposito
950 4329 1119 4387 Avalonensi,
1129 4331 1282 4387 praecipiens
1295 4332 1317 4375 ei

250 4415 381 4468 quatenus
394 4422 505 4467 quaque
519 4408 621 4452 venalia
633 4411 708 4451 terrae
722 4419 775 4451 suae
785 4407 942 4451 Vizeliacum
954 4409 1135 4455 indubitanter
1151 4412 1310 4456 conduceret

250 4495 276 4534 et
286 4491 366 4534 etiam
378 4491 399 4534 si
415 4501 519 4533 neccsse
532 4489 600 4532 soret
615 4488 694 4530 armis
712 4486 863 4530 defenderet
880 4487 954 4541 (ilict.
973 4488 1048 4533 Vizel.
1063 4491 1093 4534 ab
1108 4490 1218 4536 lluooss
1230 4491 1319 4536 Piera·

252 4583 323 4625 vrso,
337 4570 382 4613 lib.
399 4569 442 4613 lV.
458 4569 553 4622 lirosa,
567 4570 590 4611 P.
608 4570 641 4622 l..‚
663 4570 681 4610 t.
705 4565 812 4618 CXCIV,
834 4567 884 4614 col.
910 4568 978 4623 1656).
1000 4569 1154 4627 Praposiios
1165 4572 1270 4616 ducales
1289 4584 1320 4616 ca
