3082 5446
588 585 594 598 .
696 551 836 604 -77-

282 679 482 769 Quantum
499 680 669 768 intellegi
695 689 836 772 potest,
860 679 1065 749 undecimo
1090 689 1128 749 ct
1152 680 1296 752 duode-

233 796 332 866 cimo
371 795 500 865 seculo
535 795 767 885 Burgundiae
808 795 957 865 nobiles
995 796 1135 885 agendi
1178 819 1297 886 genus

160 979 161 982 ,
233 911 468 981 adhibebant
520 912 635 1004 qualo
691 933 713 980 a
760 911 973 1001 majoribus
1027 921 1296 1004 acceperant:

233 1049 373 1117 vagam
392 1036 430 1096 et
448 1027 722 1119 praedatoriam
740 1028 860 1097 vitam
884 1027 1063 1116 agebant.
1086 1028 1299 1120 Postquam

233 1143 450 1213 vicinorum
463 1144 786 1213 monasteriorum
801 1165 914 1233 agros
929 1143 1154 1236 depopulati
1173 1154 1296 1229 erant,

235 1254 421 1345 Cluniaci,
438 1258 633 1344 vizeliaci,
659 1259 906 1341 flaviniaco,
929 1259 969 1327 in
994 1260 1216 1351 longinquis
1242 1283 1298 1329 re·

235 1355 414 1463 gionibiis
435 1375 630 1445 fortunam
648 1374 861 1459 tentabant,
886 1384 924 1443 et
945 1376 1298 1465 crucesignatorum

234 1487 336 1558 bella
355 1511 401 1559 eo
420 1489 603 1558 libentius
619 1489 876 1559 conficiebant
891 1512 968 1582 quo
983 1491 1112 1559 minus
1127 1490 1177 1560 ad
1191 1492 1299 1561 utilia

234 1605 425 1696 pertinere
444 1604 689 1674 videbantur.
709 1605 889 1674 Ceterum
907 1605 1129 1694 longissimo
1148 1607 1299 1698 piarum

234 1720 460 1791 militiarum
488 1719 583 1793 fines
611 1721 722 1813 quasi
741 1720 1003 1812 proferebant,
1026 1721 1217 1813 siquidem
1240 1744 1300 1790 res

236 1836 421 1926 gerebant
439 1836 675 1928 ubicumque
696 1836 841 1906 caedere
860 1836 923 1906 vel
950 1837 1117 1928 expilare
1144 1834 1298 1924 licebat,

235 1951 375 2022 Christi
394 1952 564 2022 nomine.

283 2067 399 2137 Anno
436 2066 542 2154 1066,
574 2069 613 2136 in
628 2067 832 2155 Willelmi,
869 2068 1198 2139 Nortmannorum
1231 2070 1299 2139 du·

235 2183 309 2266 cis,
357 2183 547 2269 exercitu,
591 2193 842 2252 numerantur
878 2184 1172 2272 Burgundiones
1216 2207 1300 2277 pcr-

234 2297 358 2384 multi,
391 2299 547 2391 quive]
579 2309 714 2391 postea
749 2299 942 2390 stipendia
968 2301 1126 2368 victoris
1159 2323 1302 2371 merue-

235 2410 363 2484 runt¹.
399 2414 654 2484 Inveniuntur
687 2435 843 2505 quoque
873 2415 912 2482 in
945 2414 1145 2506 Hispania,
1181 2438 1301 2507 quum

236 2530 347 2599 saevit
362 2529 547 2600 aduersus
562 2529 795 2599 Sarracenos
811 2529 968 2615 bellum,
986 2530 1092 2622 quod
1107 2531 1156 2600 ad
1172 2554 1301 2621 geren·

264 2779 284 2810 1.
299 2766 476 2812 Cluniacensis
495 2767 600 2811 abbatia
616 2766 643 2810 in
664 2766 754 2822 primis
775 2779 789 2809 a
806 2767 945 2811 comitibus
966 2767 1202 2812 Matiscouensibus
1222 2781 1302 2825 oppu-

235 2851 315 2902 gnata
341 2848 390 2892 fuit
416 2849 521 2900 (Bucen,
546 2846 644 2891 Recuez'l
661 2846 703 2890 des
727 2846 833 2889 Charias
859 2838 897 2890 dc
916 2847 1007 2903 Cluny,
1030 2852 1050 2891 t.
1075 2848 1102 2901 l).
1129 2828 1303 2893 Niverneuses

236 2939 342 2984 quoquc
353 2929 461 2972 comites
478 2928 678 2972 l'izcliaccnseur
696 2926 827 2970 abbatiam
847 2928 909 2971 odio
928 2928 1023 2971 habere
1038 2933 1208 2972 assueverant
1229 2929 1302 2981 (lust.

221 2990 225 2995 δ
244 3007 320 3052 Vizcl.
334 3009 488 3052 monasterii.
505 3008 601 3051 hlicxa.
615 3010 641 3050 l’.
656 3007 683 3050 L.
688 3040 696 3062 ,
708 3010 727 3051 t.
737 3007 844 3062 CXCIV,
857 3008 905 3050 eol.
916 3009 983 3061 ibtp).
994 3009 1217 3052 Flaviniaccnsem
1227 3009 1303 3053 abba·

237 3088 301 3132 tiam
322 3088 465 3145 depredati
493 3092 554 3132 sunt
576 3087 709 3131 castellani
723 3087 755 3130 de
768 3088 899 3141 Grauccio,
917 3088 1025 3141 Grinon,
1044 3088 1161 3142 Duismo,
1182 3089 1303 3133 Sombor·

236 3180 313 3223 none,
331 3168 475 3212 Sarmatiis.
486 3192 510 3199 -
524 3168 563 3211 Cf.
584 3167 701 3211 llccoais
718 3168 935 3211 Frausrarmams
968 3167 1060 3211 Chron.
1075 3181 1080 3212 :
1098 3183 1108 3210 a
1126 3168 1233 3212 lntcrim
1254 3169 1302 3213 feci

238 3260 329 3304 pacem
346 3260 406 3291 cum
425 3247 551 3291 Raiualdo
564 3248 596 3290 de
610 3247 760 3301 Granoiaco,
774 3249 818 3304 qui
830 3247 1011 3304 frequentibus
1024 3248 1214 3305 irruptionibus
1224 3252 1250 3293 et
1262 3249 1304 3293 dc-

238 3327 443 3383 praedationibus
462 3328 551 3371 omnia
567 3331 656 3371 nostra
675 3328 879 3383 perturbabat»,
893 3330 919 3370 et
939 3327 990 3370 alio
1010 3329 1036 3371 in
1056 3328 1131 3371 loco:
1153 3329 1199 3372 liic
1216 3332 1304 3372 autem

238 3407 425 3454 festivitatis...
445 3409 458 3452 8
478 3407 537 3451 ldus
556 3407 712 3451 Novembris
732 3410 860 3451 venerunt
884 3407 1022 3450 Divioncm
1048 3407 1101 3450 duo
1125 3420 1159 3450 ex
1180 3409 1304 3453 fratribus

238 3485 478 3529 Flaviniaccnsibus
492 3486 563 3529 missi
577 3486 608 3529 ab
619 3486 664 3541 eis,
675 3486 828 3529 mandantes
839 3487 867 3528 ut
878 3485 999 3539 redirem,
1012 3485 1061 3541 ipsi
1073 3486 1210 3530 obedirent
1219 3487 1302 3531 nobis.

239 3566 380 3610 Consilium
395 3578 457 3609 vero
470 3567 581 3610 fratrum
593 3570 743 3609 nostrorum
754 3566 811 3620 fuit,
824 3565 886 3621 quia
898 3564 1019 3608 dicebant
1035 3578 1083 3622 pro
1098 3566 1191 3610 timore
1206 3570 1303 3611 Sarma·

238 3646 278 3689 tia
290 3649 317 3690 ct
330 3646 529 3701 Sombornouis,
547 3659 660 3702 quorum
682 3650 827 3690 castrorum
845 3645 1006 3689 habitatores
1025 3646 1159 3690 ecclesiam
1178 3647 1303 3691 Flavinia·

239 3738 343 3770 censem
362 3726 558 3782 impugnabant,
575 3739 602 3769 sc
622 3740 675 3770 non
686 3739 763 3783 posse
777 3729 805 3771 ut
820 3725 929 3770 decebat
945 3726 978 3768 ad
995 3738 1043 3769 nos
1055 3727 1179 3774 venire...
1195 3730 1300 3779 (thuna.

239 3807 267 3851 P.
276 3807 311 3860 ln,
326 3810 346 3854 t.
363 3807 442 3858 CLlV,
455 3807 506 3853 col.
519 3807 567 3859 361,
580 3806 639 3861 373).

266 3918 288 3949 a.
306 3905 464 3949 Rumoribus
481 3916 587 3961 quoque
605 3904 654 3947 viri
676 3916 805 3959 pugnaces
815 3902 847 3946 dc
861 3903 951 3946 vicinis
961 3903 1111 3959 regionibus
1124 3904 1201 3947 exciti
1214 3916 1305 3948 conve·

240 3989 343 4041 ncrunt,
356 3989 381 4030 ct
394 3985 493 4029 bellicis
506 3984 688 4029 instrumentis
705 3983 739 4026 ad
758 3983 926 4039 praeliandum
940 3996 995 4027 sese
1008 3986 1225 4040 preparaverunt.
1238 3983 1304 4028 Galli

239 4078 353 4122 namque
366 4070 390 4109 et
404 4066 533 4120 Britoncs,
548 4064 674 4108 Pictarini
691 4066 717 4107 et
737 4062 940 4121 Burgundiones,
960 4063 1055 4119 aliique
1077 4063 1166 4120 populi
1180 4063 1304 4120 Cisalpini

240 4145 273 4188 ad
285 4145 596 4189 bellumtransmarinum
615 4143 796 4197 convolarunt,
816 4146 841 4186 ct
861 4143 958 4198 Anglia
974 4144 1062 4200 praedm
1079 4143 1209 4188 inhiantes
1226 4145 1304 4188 variis

240 4225 378 4268 eventibus
388 4229 415 4268 et
434 4223 555 4280 periculis
572 4227 645 4267 terra
664 4223 782 4278 marique
800 4234 856 4266 sese
875 4222 1028 4267 olrtuleruut
1046 4223 1301 4275 (Onn.l''1rn1..Hist.

238 4303 295 4347 eccl.
310 4304 352 4357 lll,
367 4317 388 4351 1.
403 4305 444 4348 ed.
456 4304 488 4347 Lc
498 4303 615 4355 Prdvost,
628 4306 647 4346 t.
662 4303 693 4358 ll,
703 4315 728 4358 p.
745 4303 799 4355 125).
811 4326 835 4333 -
848 4302 936 4359 Quum
947 4303 1211 4348 GuillclmusNothus
1225 4304 1304 4348 Ceno·

239 4386 377 4429 nannlcam
389 4385 521 4440 regionem
534 4383 687 4439 conquirere
702 4381 789 4438 caepit,
801 4396 813 4424 a
826 4383 943 4427 Franci...
961 4387 987 4426 ct
1004 4382 1229 4438 lturgumlimres...
1243 4385 1305 4440 pha-

240 4464 329 4520 langes
348 4465 404 4521 eJus
419 4463 597 4520 multipliciter
613 4465 752 4506 surxerunt.
771 4474 784 4504 a
801 4461 874 4515 (Ihfd.
897 4463 934 4516 X,
947 4475 966 4518 p,
984 4464 1027 4511 cd.
1048 4462 1081 4506 Le
1096 4463 1213 4512 l‘revost.
1229 4467 1247 4508 t.
1261 4465 1303 4520 lV,

241 4557 267 4601 11-
281 4546 323 4600 45)-
