3082 5446
724 616 866 673 -40-

261 754 300 817 et
341 744 447 815 omni
483 744 596 816 titulo
643 744 831 815 abstinuit
847 751 870 816 ¹.
918 743 1032 815 Haud
1067 744 1230 815 dubium
1271 754 1330 816 est

263 860 468 953 antiquum
496 859 763 930 divionensem
791 882 936 953 pagum
962 860 1076 931 novis
1108 859 1224 930 rebus
1252 881 1331 931 ma-

263 998 431 1068 gnopere
477 975 687 1046 exercitum
727 998 810 1046 esse
853 985 891 1046 et
933 975 1017 1067 jam
1065 975 1236 1069 quadam
1281 997 1329 1045 ex

263 1100 374 1185 parte
395 1091 645 1161 distractum:
668 1091 825 1161 castella
845 1091 1038 1184 quaedam,
1055 1101 1099 1161 ut
1112 1091 1328 1161 Dusmense

262 1217 300 1277 et
332 1206 578 1295 Granceium,
614 1205 823 1276 infinibus
851 1206 933 1298 ejus
971 1217 1080 1277 erant
1112 1215 1325 1295 exstructa3

261 1322 512 1394 nihilominus
526 1321 721 1392 maximas
741 1344 836 1414 opes
850 1323 1052 1393 retinebat.

308 1438 390 1509 Etsi
427 1439 494 1531 qui
529 1438 671 1509 suerint
698 1437 848 1509 decimo
883 1448 921 1509 et
953 1438 1158 1508 undecimo
1197 1439 1328 1509 seculo

259 1554 493 1645 Burgundiae
534 1553 643 1642 smeS,
679 1553 821 1624 rectius
862 1554 1064 1625 ostendere
1104 1577 1185 1625 non
1223 1555 1356 1647 licet„

260 1693 349 1742 cum
368 1671 600 1742 documenta
627 1679 795 1760 careant,
818 1680 949 1741 tamen
977 1670 1201 1760 Burgundio
1233 1693 1329 1742 sem·

258 1809 329 1880 per
365 1787 478 1880 quasi
518 1810 538 1856 e
577 1786 727 1857 duabus
767 1787 959 1878 partibus,
993 1786 1194 1858 montibus
1227 1787 1328 1857 inter

259 1925 300 1973 sc
340 1902 546 1989 distinctis,
586 1902 804 1972 constitisse
848 1902 1002 1973 videtur
1033 1926 1041 1973 :
1080 1925 1173 1973 nam
1206 1903 1327 1973 altera

259 2027 431 2112 exparte
451 2018 483 2087 si
512 2017 562 2087 ad
580 2016 857 2088 Nivernensem
873 2019 1100 2088 comitatum
1115 2028 1181 2088 aut
1196 2018 1326 2088 Autis-

259 2134 524 2205 siodorenscm
552 2140 717 2226 spectas,
748 2133 798 2204 ad
818 2133 1020 2204 Oceanum
1040 2133 1181 2223 vergit3
1205 2133 1326 2204 altera

258 2250 307 2321 ad
338 2250 534 2319 internmn
565 2270 684 2336 mare,
707 2250 740 2318 si
759 2249 809 2319 ad
829 2248 1142 2319 Cabillonensem
1160 2259 1227 2319 aut
1241 2250 1321 2319 Ma·

257 2366 518 2436 tisconensem
545 2365 773 2435 comitatum
801 2374 967 2458 spectas.
1005 2364 1123 2456 Cujus
1157 2365 1325 2454 regionis

256 2481 312 2552 ita
330 2479 496 2551 definitae
504 2480 751 2551 Divionensis
762 2481 968 2550 comitatus
983 2481 1155 2550 medium
1168 2480 1326 2550 tenebat

256 2596 399 2684 locum,
416 2596 520 2667 unde
543 2596 660 2666 duces
685 2595 878 2665 montium
903 2595 1033 2665 fauces
1052 2596 1215 2666 transire
1230 2596 1321 2666 saci-

256 2712 331 2783 lius
345 2720 576 2805 poterantut
586 2720 850 2803 expugnatum
871 2712 1107 2782 territorium
1127 2711 1324 2781 celerrime

256 2836 505 2920 occuparent,
537 2849 605 2897 seu
644 2835 785 2919 praeter
810 2827 945 2897 Araris
979 2827 1084 2919 ripas
1116 2850 1240 2920 usque
1274 2826 1324 2897 ad

255 2944 522 3031 Matisconcm,
535 2966 603 3013 seu
612 2953 754 3036 praeter
764 2942 1323 3035 Oscaramctlcaunamusque

256 3059 306 3129 ad
320 3059 636 3130 Autissiodorum
654 3059 726 3130 iter
741 3059 945 3129 facerent¹.
967 3059 1024 3128 Ex
1046 3080 1124 3151 quo
1146 3057 1323 3147 intelligi·

256 3184 318 3245 tur
337 3197 457 3266 quare
477 3174 701 3244 Robertusl
720 3184 828 3244 tanta
849 3174 1030 3266 superbia
1045 3173 1092 3242 de
1113 3173 1179 3243 illo
1192 3172 1323 3243 Divio-

255 3290 367 3360 nensi
383 3290 570 3360 comitatu
589 3289 740 3360 locutus
766 3289 815 3360 sit
838 3310 954 3382 quem
968 3288 1051 3380 jam
1075 3311 1194 3359 manu
1219 3298 1324 3359 tene·

256 3405 358 3477 bat³.

284 3709 305 3741 ι.
321 3696 408 3750 Purrr,
420 3699 438 3740 t.
449 3696 469 3752 1,
482 3696 525 3745 Pr.
538 3708 575 3744 αι.
594 3696 633 3741 Gt.
646 3695 765 3753 Prisrun,
776 3707 800 3739 ο.
813 3707 835 3740 c.
846 3707 873 3752 p.
889 3696 936 3740 263.

281 3816 306 3853 a.
324 3804 388 3860 Qua
407 3803 439 3848 dc
462 3802 590 3847 limitibus
612 3803 770 3859 Burgundio}
791 3802 877 3846 adhuc
896 3803 1053 3847 exstiterunt
1071 3802 1197 3855 (Anchises
1214 3799 1324 3858 ddpartc-

255 3884 375 3929 mentales
388 3883 417 3929 dc
432 3883 457 3928 la
472 3881 613 3938 Coto-d'Or,
627 3882 654 3927 B.
667 3884 773 3939 stry-285),
787 3882 852 3926 nihil
864 3883 898 3928 ad
913 3883 1036 3927 ducatum
1049 3883 1187 3940 pertinent,
1203 3882 1252 3927 nisi
1263 3894 1324 3940 qua-

256 3965 420 4010 tuordecimo
430 3964 519 4009 seculo
532 3976 537 4007 :
551 3966 713 4021 quapropter
722 3962 764 4007 hic
773 3962 913 4007 omittenda
924 3965 996 4012 sunt.

283 4072 306 4117 3.
325 4072 375 4116 Pro
388 4070 540 4115 Divionensi
553 4071 688 4126 comitutu,
700 4069 772 4127 quod
783 4073 846 4114 tunc
859 4068 979 4114 tenebam
988 4068 1017 4112 in
1030 4081 1088 4112 mea
1098 4081 1177 4112 manu
1190 4068 1324 4122 (Robertt'l

258 4151 377 4210 diploma,
389 4164 412 4196 a.
422 4152 483 4195 reat.
499 4151 585 4205 Purra,
597 4154 616 4194 t.
627 4150 648 4199 1.
665 4150 707 4199 Pr.
720 4151 797 4204 36),-
809 4149 915 4194 Decimo
926 4150 1019 4200 seculo,
1035 4152 1064 4193 ut
1077 4149 1201 4206 opinatur
1211 4149 1324 4194 Prrsrun

251 4236 296 4290 ·(p.
308 4234 366 4285 250).
376 4231 515 4276 comitatus
527 4230 774 4281 Autissiodorensis.
787 4229 1043 4287 Augustoduncnsis,
1053 4228 1230 4285 Nirernensis,
1238 4242 1271 4273 cx
1279 4230 1324 4274 du-

257 4315 317 4356 catu
330 4311 487 4368 Burgundio
500 4310 658 4367 pendebant,
666 4310 702 4354 itu
714 4314 744 4354 ut
755 4312 835 4356 duces
847 4322 948 4355 cossuo
960 4308 1070 4353 arbitrio
1080 4310 1206 4365 rexerint3
1217 4313 1243 4353 ut
1254 4309 1323 4354 undc

256 4394 330 4437 tanta
344 4391 495 4449 probaverit
507 4402 600 4447 parum
612 4393 722 4434 constat.
