3082 5446
719 625 860 682 -98..

304 756 488 827 Attamen
507 756 625 826 duces
643 754 890 845 Burgundiae,
919 755 1097 848 quamvis
1120 756 1226 826 omni
1249 777 1321 849 ope

255 873 521 958 inniterentur,
543 871 741 964 inceptum
768 893 918 964 semper
936 893 1016 942 non
1030 870 1257 963 implebant,
1279 880 1323 941 ut

254 989 383 1059 medio
412 987 641 1057 duodecimo
671 987 800 1057 seculo
828 987 1082 1077 Lingonensis
1113 988 1321 1080 episcopus

256 1103 487 1194 Burgundiaa
512 1103 651 1173 ducem
668 1124 738 1196 pro
769 1103 879 1173 hoste
905 1103 1100 1173 obstinato
1124 1102 1282 1172 haberet
1296 1105 1318 1174 ¹.

258 1219 346 1309 Qua
364 1219 555 1289 rivalitate
584 1242 677 1289 usus
705 1228 763 1288 est
782 1218 1000 1289 Ludovicus
1020 1218 1105 1307 Vll,
1123 1240 1216 1289 nam
1235 1241 1323 1288 cum

257 1357 419 1426 regnum
436 1335 502 1405 vix
523 1344 683 1422 teneret,
704 1335 839 1428 primis
866 1334 1065 1405 mensibus
1089 1335 1181 1404 anni
1214 1334 1320 1423 1138,

258 1451 455 1542 Lingonas·
469 1451 581 1539 adiit,
600 1460 638 1520 et
665 1472 685 1519 «
710 1460 899 1543 tanquam
913 1451 1073 1543 propria
1098 1451 1187 1521 sede
1206 1450 1325 1520 hono-

258 1565 362 1636 rifica
387 1576 590 1660 susceptus
611 1589 646 1654 u,
663 1567 782 1636 totius
800 1567 936 1659 patriae
956 1566 1127 1636 hominia
1147 1575 1184 1636 ct
1205 1565 1324 1636 fidelia

232 1776 234 1780 Ι
258 1691 356 1752 tates
372 1680 555 1774 accepit¹.
578 1681 700 1752 Paulo
721 1691 824 1774 post,
848 1704 936 1752 cum
962 1683 1147 1775 episcopo
1169 1691 1325 1753 vacaret

259 1799 396 1869 civitas
415 1808 453 1868 et
471 1798 704 1886 turbaretur,
723 1797 800 1867 duo
815 1799 1001 1889 petitores
1015 1798 1056 1867 in
1074 1798 1200 1868 vicem
1215 1798 1327 1868 electi

259 1923 361 2000 sunt,
390 1913 486 1984 alter
515 1913 780 1983 Cluniaeensis
808 1914 1036 2001 monachus,
1061 1914 1156 1983 alter
1185 1913 1325 1984 Cister-

260 2029 413 2117 eiensis,
453 2029 700 2115 Godesridus,
729 2029 796 2120 qui
829 2050 918 2099 cum
950 2029 1092 2099 Sancto
1129 2029 1325 2100 Bernardo

260 2144 456 2216 adfinitate
486 2144 717 2236 conjunctus
755 2153 849 2214 erat.
886 2145 1144 2215 Vehementer
1171 2144 1248 2232 ille,
1283 2154 1327 2214 ut

261 2270 527 2349 consueverat,
550 2261 590 2329 in
610 2260 830 2330 certaminis
844 2269 997 2355 partem
1011 2262 1129 2345 venit,
1147 2261 1197 2331 ab
1213 2260 1325 2331 Inno-

263 2377 388 2446 centio
409 2377 443 2446 ll
461 2398 564 2468 papa
587 2376 773 2447 auxilium
806 2377 981 2469 epistulis
1008 2377 1146 2468 petivit
1173 2386 1211 2447 et
1237 2399 1326 2469 pos-

262 2502 385 2563 tremo
425 2515 447 2562 a
484 2515 572 2582 rege
605 2493 777 2563 Franciae
806 2515 895 2563 eum
919 2493 1088 2562 maxima
1116 2487 1323 2563 audacia³:

263 2607 556 2678 Cluniaeensem
575 2609 809 2678 monachum
828 2608 994 2679 electum
1004 2631 1102 2695 csse,
1114 2608 1200 2700 jure
1217 2631 1328 2679 cano-

264 2724 351 2793 nico
380 2733 636 2814 transgresso,
663 2723 935 2813 contendebat,
964 2733 1002 2794 et
1026 2723 1114 2794 ideo
1135 2746 1216 2795 esse
1241 2724 1326 2816 reji-

262 2839 454 2909 ciendum.
491 2840 626 2932 ltaque
658 2838 891 2909 Godelrldus
917 2841 1150 2934 praepositus
1184 2849 1253 2929 est,
1290 2849 1328 2911 et

262 2956 423 3048 posthac
444 2959 671 3027 auctoritate
693 2956 792 3045 regis
815 2955 984 3043 innixus,
1007 2957 1145 3026 acriter
1168 2956 1327 3047 injurias

261 3073 452 3164 quasdam
470 3082 629 3164 questus
645 3081 703 3142 est
723 3094 744 3140 a
764 3070 860 3140 duce
880 3071 1113 3161 Burgundiae
1133 3071 1271 3142 Odone
1292 3071 1326 3142 ΙΙ

262 3187 400 3257 illatas.
437 3185 544 3275 Quas
576 3189 663 3257 lites
686 3208 817 3256 coram
848 3188 954 3257 curia
990 3187 1128 3257 Moreti
1166 3187 1327 3258 collecta

289 3432 311 3467 1.
328 3434 341 3463 a
353 3420 387 3465 Le
401 3420 452 3465 duc
465 3421 496 3465 de
514 3420 666 3476 Bourgogne
679 3421 788 3476 pouvait
804 3422 858 3464 etre
877 3417 1012 3465 considere
1026 3432 1127 3465 comme
1142 3420 1261 3464 l‘enneml
1273 3431 1329 3477 per·

262 3503 369 3545 manent
379 3500 411 3544 de
421 3501 537 3557 l'eveque
552 3501 584 3544 de
598 3501 710 3556 Langres
722 3513 743 3543 ι.
760 3500 903 3544 Lucullus.
921 3499 985 3544 Hist.
1009 3499 1051 3544 des
1065 3500 1126 3546 [nst.
1140 3500 1329 3557 moneremque

257 3579 292 3624 de
310 3579 336 3624 lo
356 3580 453 3625 Franco
464 3594 522 3625 sous
535 3580 698 3637 lesprcmiers
712 3577 851 3636 Capeliano,
864 3584 884 3627 t.
900 3580 931 3631 ll,
946 3594 971 3638 p.
984 3581 1023 3637 287

288 3673 309 3704 n.
325 3661 366 3704 Ad
380 3661 528 3716 superiores
546 3661 656 3705 ducatus
674 3660 889 3715 Burgundionum
908 3661 1045 3716 marchias,
1065 3672 1116 3718 que
1134 3672 1216 3716 reguo
1235 3661 1328 3706 botha-

262 3740 397 3795 ringorum
415 3740 578 3795 collimitant,
596 3741 718 3786 videlicet
736 3741 940 3797 Lingonensium
964 3742 1105 3796 civitatem,
1117 3740 1239 3785 accedere
1259 3740 1331 3786 festi-

263 3823 356 3863 nanter
365 3832 425 3864 cum
438 3820 651 3876 persuadentes...
663 3821 816 3865 festinantes
828 3821 917 3878 itaque
927 3833 975 3878 per
984 3833 1080 3877 pagum
1093 3821 1262 3876 Eduensium,
1272 3820 1329 3866 Lin-

262 3901 370 3956 gonensi
384 3900 448 3944 urbe
459 3903 581 3957 tanquam
588 3902 695 3957 propria
710 3900 767 3945 sede
779 3905 917 3958 susceptus
931 3900 1081 3957 honorilice,
1094 3901 1218 3946 hominiis
1230 3904 1256 3945 et
1267 3901 1328 3947 iidc-

262 3980 380 4025 litatibus
392 3981 474 4025 totius
487 3981 570 4036 patrie
587 3982 722 4038 susceptis,
733 3993 794 4026 cum
804 3981 899 4026 comite
909 3980 1061 4025 Theobaldo
1073 3981 1202 4037 nobisque
1213 3981 1250 4026 ibi
1268 3983 1329 4027 asis-

263 4060 388 4115 tentibus,
399 4059 566 4117 precipiendo
587 4064 614 4104 et
630 4061 784 4119 imperando
805 4060 935 4115 omnibus,
948 4059 1062 4106 Parisius
1080 4062 1207 4106 remeavit
1228 4061 1284 4114 (Via
1297 4061 1328 4106 de

262 4141 339 4185 Louis
354 4139 402 4185 VII
407 4140 527 4196 preparas
535 4153 583 4196 par
595 4140 689 4191 Souna,
703 4142 723 4195 5,
737 4140 780 4187 cd.
796 4140 935 4195 Molinier).

289 4220 310 4264 3.
328 4219 407 4263 Terra
429 4222 508 4263 cestra
528 4221 571 4274 est,
587 4221 652 4264 etin
668 4220 717 4264 hoc
729 4220 806 4277 plane
828 4220 1019 4277 cognoscimus,
1043 4223 1069 4265 ct
1081 4219 1201 4266 dolemus
1214 4221 1327 4267 dedecus

262 4301 335 4357 regni
348 4299 436 4354 vestri,
446 4299 518 4356 quod
529 4312 576 4343 vos
585 4299 645 4356 jure
652 4299 791 4344 abhorrere
802 4300 952 4351 mandastis,
961 4301 983 4345 si
991 4313 1040 4345 nnn
1051 4301 1130 4346 fucrit
1139 4302 1185 4358 qui
1195 4301 1326 4346 defendat.

262 4380 328 4426 Nam
345 4380 374 4424 in
386 4391 439 4436 quo
452 4379 503 4424 alio
522 4380 592 4435 regia
604 4379 726 4436 majestas
738 4383 815 4435 recte,
831 4381 859 4424 iu
880 4392 911 4424 co
925 4380 997 4437 quod
1011 4381 1110 4425 lactum
1128 4384 1176 4434 est,
1188 4382 1327 4426 imminuta

263 4459 383 4505 dicatur?
394 4459 491 4505 Electio
502 4461 550 4503 rite
560 4460 688 4504 celebrata
700 4463 748 4514 est,
760 4459 940 4516 electosfidelts
954 4463 990 4504 est
1009 4459 1066 4506 Non
1078 4463 1160 4504 cutem
1173 4464 1235 4505 esset
1241 4461 1328 4518 ficietis

204 4592 211 4603 .
251 4541 284 4603 υεἰ
294 4542 374 4586 cestra
386 4543 408 4584 et
424 4552 473 4583 non
480 4552 527 4596 per
548 4552 588 4584 cos
602 4540 694 4592 ,babere
711 4539 789 4584 celiel.
813 4539 924 4585 Necdum
941 4541 1072 4585 adoestra
1091 4553 1193 4585 manum
1210 4541 1327 4596 extendit,

233 4597 494 4699 ftnt'tfotptrci}ttdtem
507 4623 612 4664 cestram
622 4620 750 4679 ingressus
760 4622 796 4665 est
810 4620 872 4673 (HF.
887 4619 942 4675 XV,
954 4621 1011 4677 572).
1320 4605 1321 4608 Ἰ
