3082 5446
680 646 819 702 ,37-

218 794 360 861 comes,
392 774 460 867 qui
484 774 599 846 simul
629 783 746 868 atque
776 774 1012 845 Humbertus
1050 775 1097 845 de
1128 774 1281 847 Malleio

216 899 385 960 castrum
409 891 508 960 tueri
530 890 661 981 jussus
690 900 785 979 erat,
807 891 908 980 regis
933 892 1115 961 exercitui
1144 892 1283 963 acriter

215 1004 368 1092 restitit,
403 1027 506 1076 anno
557 1003 694 1077 1015¹.-
727 1005 858 1076 Sancti
904 1006 1065 1097 Benigni
1112 1008 1282 1078 chronici

217 1121 381 1212 scriptor
413 1121 529 1191 refert
564 1143 695 1212 regem
729 1122 849 1191 animi
886 1123 1029 1214 pietate
1063 1124 1280 1211 recessisse,

216 1257 305 1306 cum
319 1236 459 1306 certior
478 1236 602 1307 sactus
622 1246 722 1307 esset
745 1236 877 1307 Sancti
892 1237 1052 1327 Benigni
1070 1240 1282 1310 monachos

217 1373 296 1444 prae
335 1374 375 1421 se
416 1352 558 1442 fugisse
577 1359 612 1439 ’3
648 1362 688 1422 at
720 1353 851 1445 potius
893 1354 1192 1424 existimandum
1224 1364 1283 1425 est

217 1489 347 1557 regem
371 1468 502 1537 nimiis
530 1468 781 1538 munimentis
808 1470 1041 1561 pepercisse.
1066 1469 1196 1558 Quod,
1223 1479 1282 1541 ut-

218 1604 383 1676 cumque
400 1593 470 1672 est,
489 1584 524 1652 ci
540 1583 716 1677 exemplo
732 1584 828 1671 iuit3
859 1606 948 1654 cum
963 1585 1079 1673 enim,
1101 1584 1282 1657 Brunone

217 1698 402 1791 episcopo
421 1708 590 1786 mortuo,
612 1699 840 1769 Lambertus
859 1700 894 1769 ei
918 1701 1115 1790 successit,
1136 1701 1281 1772 Roher·

218 1822 282 1885 tus
310 1815 326 1884 Ι
353 1816 446 1885 novi
471 1816 644 1908 episcopi
664 1798 1138 1887 electionem'confirmue
1157 1817 1283 1888 uomit

221 1931 296 2001 nisi
311 1939 446 2001 contra
465 1929 699 2001 Divionense
715 1941 885 2002 castrum
899 1930 1090 2025 acciperet
1106 1916 1129 2005 ³.

244 2144 265 2177 1.
281 2132 400 2177 Domnus
417 2131 579 2177 Humbertus
589 2132 621 2176 de
631 2132 743 2187 ltlalleio,
753 2136 780 2177 et
791 2134 948 2178 venerabilis
960 2147 1028 2178 uxor
1041 2134 1097 2179 eius
1107 2130 1192 2189 Aitna,
1204 2135 1283 2180 huius

218 2213 360 2271 provinciae
380 2212 531 2266 nobiliores,
551 2213 697 2257 custodiam
719 2212 886 2258 llivionensis
901 2215 987 2267 castri,
999 2218 1026 2258 et
1041 2214 1157 2271 regimen
1173 2220 1248 2261 terrm
1267 2229 1283 2260 a

218 2292 318 2338 Comite
331 2293 491 2337 Bellimontis
499 2292 618 2349 llugonc,
626 2293 786 2342 tenebant...
796 2294 854 2351 lpse
862 2295 931 2339 enim
939 2295 1016 2351 llugo
1026 2295 1128 2351 Comes,
1136 2296 1283 2342 dominium

218 2376 294 2418 terrie
307 2373 340 2417 ab
352 2373 483 2430 Episcopo
495 2372 652 2429 lingonensi
666 2373 778 2427 tenebat,
787 2374 859 2429 quod
868 2375 981 2430 prelatis
992 2375 1055 2420 viris
1066 2372 1198 2420 nobilibus
1206 2378 1283 2421 tradi-

217 2454 299 2507 derat,
307 2452 380 2510 quod
390 2453 417 2497 in
426 2455 500 2497 tanta
507 2453 646 2497 vivacitate
656 2456 806 2507 tenuerunt,
818 2457 846 2497 ut
856 2466 915 2498 cuin
925 2454 980 2498 Rex
990 2454 1120 2499 Robcrtus
1127 2459 1153 2500 et
1160 2456 1216 2500 cius
1224 2469 1283 2501 con-

216 2534 264 2578 iux
276 2533 437 2586 Constantia,
456 2532 619 2590 provinciam
637 2533 704 2577 hauc
720 2533 816 2590 saepius
826 2536 957 2590 attereret,
970 2534 1025 2578 cius
1038 2534 1165 2591 impetum
1174 2538 1283 2580 omnino

217 2613 306 2659 nichili
322 2613 467 2671 penderent
483 2612 555 2666 (Vite
574 2612 700 2669 Garncrii,
719 2626 744 2670 p.
758 2614 813 2666 rati).
830 2613 869 2658 Cl.
881 2613 953 2671 apud
971 2614 1051 2670 Ftor,
1063 2614 1129 2659 illst.
1150 2612 1284 2675 del’eglise

219 2693 406 2739 Sciat-liticare
422 2692 452 2737 de
468 2692 556 2750 Dtjon,
569 2695 609 2737 Pr.
630 2694 665 2747 31,
684 2692 726 2738 vel
746 2693 817 2751 apud
833 2694 962 2751 Quanam,
981 2694 1122 2740 cartulaire
1139 2692 1243 2754 guineral
1254 2695 1284 2741 de

216 2773 233 2818 l'
241 2774 332 2829 l'onne,
345 2777 365 2818 t.
376 2773 395 2829 1,
408 2786 435 2830 p.
458 2774 504 2828 124,
523 2772 639 2831 diploma
651 2773 786 2831 quoddam
798 2774 860 2819 anni
871 2775 912 2831 889
927 2775 955 2819 in
972 2788 1025 2832 quo
1038 2775 1098 2819 Odo
1110 2788 1158 2820 rex
1170 2776 1284 2822 declarat

216 2867 252 2909 se,
279 2859 308 2900 ut
332 2853 455 2899 Carolum
481 2853 600 2909 Calvum,
622 2853 744 2898 Carnium
766 2854 896 2905 Crassum,
907 2858 1060 2912 ceterosque
1080 2856 1283 2913 predecessores,

218 2935 318 2991 Agrlno
329 2933 487 2991 Lingonensi
497 2935 620 2992 episcopo
631 2933 786 2978 confirmare
800 2934 995 2978 «munitionem
1006 2934 1152 2991 lingonicae
1160 2937 1281 2992 civitatis,

216 3015 263 3061 ubl
272 3015 382 3060 habetur
391 3014 499 3059 ecclesia
511 3015 538 3059 in
555 3014 654 3059 honore
666 3013 696 3058 B.
712 3013 859 3058 Mammetis
871 3014 961 3058 eximii
978 3015 1108 3071 martyris,
1124 3018 1151 3059 et
1168 3019 1283 3061 castrum

217 3095 385 3150 Divionense,
402 3095 430 3139 in
442 3107 495 3152 quo
508 3095 557 3140 sita
569 3098 609 3139 est
620 3094 728 3139 ecclesia
739 3094 877 3139 inhonore
892 3094 918 3139 S.
931 3093 1065 3151 Stephani.
1080 3107 1093 3139 s
1110 3095 1188 3153 Quod
1201 3096 1284 3154 diplo-

217 3187 261 3219 ma
279 3174 446 3233 privilegium
465 3175 526 3218 anni
544 3175 585 3230 814
602 3187 618 3218 a
635 3174 769 3219 Ludovico
788 3173 834 3218 Plo
862 3174 992 3228 signatum
1012 3175 1091 3220 etlam
1113 3172 1284 3221 confirmabat

216 3254 356 3312 (chsrrv,
368 3267 408 3311 op.
421 3254 476 3306 cit„
485 3258 503 3298 t.
512 3254 531 3307 l,
540 3267 565 3311 p.
578 3255 689 3307 adissie
697 3254 914 3299 Animadvertere
925 3257 999 3311 potes
1010 3254 1149 3300 Divionem
1158 3256 1284 3314 inprimis

216 3334 244 3379 in
256 3334 413 3391 Lingoncnsi
424 3334 528 3379 diocesi
541 3337 694 3379 contentum
706 3346 763 3378 esse
775 3337 801 3378 et
813 3334 849 3378 ibi
859 3335 996 3391 episcopos
1003 3335 1057 3392 Jam
1069 3335 1177 3380 domum
1187 3349 1283 3392 quam-

217 3414 278 3459 dam
297 3414 420 3459 hahuisse
436 3414 482 3458 ubi
504 3426 621 3471 persaepe
640 3414 769 3459 sedebant
784 3416 873 3468 (darec.
892 3414 959 3462 Tun.
984 3413 1045 3459 Vitce
1062 3413 1177 3469 Petrum,
1189 3415 1282 3471 Vll,a;

216 3494 395 3551 Bounnaumn,
407 3492 528 3538 Mcmoire
539 3507 585 3538 sur
597 3494 622 3539 le
632 3495 771 3551 possession
783 3493 813 3537 dc
825 3493 850 3538 ta
865 3493 921 3538 cille
938 3493 968 3537 dc
984 3494 1063 3550 Dtjon
1082 3506 1114 3538 au
1132 3495 1246 3550 spiritual
1260 3498 1284 3540 ct

216 3586 250 3618 eu
260 3574 379 3631 temperet
387 3587 438 3632 por
453 3575 488 3619 les
500 3572 600 3632 ceciqucs
612 3574 643 3619 de
654 3574 779 3633 Lange-cs.
790 3572 854 3617 litat.
864 3574 932 3618 urbis
944 3573 1143 3626 dicionertsis).-
1152 3573 1190 3618 Dc
1203 3576 1283 3619 comi·

216 3655 290 3700 tibus
301 3655 501 3703 divionensibus
518 3659 544 3700 et
556 3655 686 3712 praecipuc
704 3654 737 3698 dc
753 3653 916 3699 Bellirnontis
934 3654 1022 3710 domo,
1042 3654 1102 3699 vide
1121 3652 1283 3711 Counrt'srrin,

217 3738 238 3783 t.
252 3735 284 3790 ll,
297 3748 323 3792 p.
339 3736 391 3792 ala,
403 3735 492 3791 Pnrrr,
502 3738 522 3784 t.
536 3735 556 3790 l,
569 3748 594 3792 p.
606 3736 680 3790 tta-93,
693 3738 719 3779 et
733 3735 879 3792 prasertim
897 3735 958 3791 Lor,
974 3734 1023 3780 Lea
1034 3734 1147 3780 derniers
1162 3734 1284 3781 Carolin-

216 3815 297 3874 gtens,
307 3815 375 3873 App.
389 3816 418 3871 V,
431 3828 456 3872 p.
466 3812 507 3860 322
516 3827 557 3872 sq.

243 3917 267 3953 a.
282 3904 338 3949 Rex
350 3917 413 3948 vero
424 3907 454 3948 ut
463 3908 519 3948 erat
531 3907 618 3949 mente
630 3903 767 3960 benignus,
777 3915 837 3948 cum
849 3904 972 3961 cognovit
984 3907 1092 3962 propter
1104 3916 1131 3949 sc
1141 3905 1283 3950 monachos

217 3985 359 4043 dispersos,
380 3985 454 4028 valde
474 3984 568 4031 doluit.
584 3984 675 4028 Paucis
693 3983 780 4040 itaque
799 3984 936 4029 transactis
954 3984 1200 4038 diebus,Frantia1n
1212 3997 1284 4043 repe·

217 4065 291 4110 davit
302 4065 376 4109 nullo
386 4065 492 4121 negotio
503 4069 608 4120 peracto
618 4064 727 4117 (Chron.
741 4063 857 4122 Benigne,
870 4076 895 4121 p.
910 4064 968 4119 1:¹3).

243 4154 264 4199 3.
281 4154 404 4199 Brunone
424 4165 537 4210 namque
554 4153 683 4210 Episcopo
703 4152 851 4209 superstite,
872 4152 899 4197 in
916 4151 1069 4197 Divioneusi
1085 4157 1215 4212 potestate
1236 4168 1283 4200 rex

217 4234 283 4278 nihil
294 4234 506 4290 habehat,qua1n
517 4245 652 4278 successor
664 4233 746 4289 ipsius
759 4232 920 4287 lambertus,
937 4237 966 4278 ut
977 4233 1068 4289 fertur,
1085 4246 1132 4291 pro
1143 4236 1283 4293 adeptione

218 4314 391 4372 Episcopatus
401 4314 456 4370 regi
472 4314 602 4358 concessit
619 4312 689 4368 (l'ite
704 4313 829 4367 Gurncrii,
839 4325 866 4370 p.
883 4316 941 4369 ως),
957 4337 984 4346 -
996 4313 1084 4358 Bruno
1095 4315 1234 4361 defunctus
1244 4321 1285 4362 est

217 4396 334 4440 secundo
360 4379 411 4439 kal.
436 4394 560 4439 februarii
584 4407 653 4438 anno
677 4393 761 4438 lle'l
778 4392 882 4447 (Chron.
902 4392 1019 4453 Benignl,
1037 4408 1061 4452 p.
1084 4397 1141 4452 ayt).
1161 4396 1283 4454 lliploma

218 4475 353 4532 quoddam
365 4474 492 4519 habemus
505 4474 611 4518 lioberti
625 4473 702 4530 regis,
719 4486 773 4530 quo
787 4474 844 4531 jam
861 4473 1019 4519 Divionense
1031 4478 1146 4520 castrum
1163 4478 1283 4523 tenuerat

218 4567 288 4600 anno
301 4556 375 4613 prius
386 4554 483 4611 (Parin,
497 4558 518 4603 t,
534 4555 553 4610 l,
567 4555 608 4599 Pr.
621 4555 650 4607 o),
663 4554 710 4598 sed
720 4554 899 4611 apocryphum
917 4559 956 4599 est
968 4555 1033 4599 illud
1046 4556 1240 4613 documentum,
1255 4562 1283 4603 ut

218 4635 411 4681 demonstravit
423 4634 533 4679 Persrnn
544 4639 579 4688 (ο.
591 4647 626 4689 c„
635 4647 664 4691 p,
680 4637 767 4686 cxxv).
