3082 5446
765 617 905 673 ..86-

302 748 399 841 lippi
413 747 429 818 l
441 745 542 835 regis
553 745 643 815 lacti
653 761 675 815 ¹.
695 745 783 816 Odo
795 746 862 816 lin
877 745 982 816 curia
993 746 1093 836 regis
1106 756 1283 817 versatus
1294 757 1366 835 est,

302 862 443 933 chartis
454 860 694 953 subscripsit,
705 860 746 930 in
756 861 868 931 hellis
878 862 1053 931 auxiliari
1065 863 1201 932 solitus
1213 859 1236 934 ¹.
1251 862 1368 932 Anno

304 980 410 1066 1081,
441 985 581 1070 praeest
615 976 936 1067 Burgundionum
978 979 1162 1048 exercitui
1196 978 1367 1068 cuidam,

302 1093 504 1166 Willelmo
518 1091 745 1163 Nivernensi
761 1094 902 1165 comite
916 1102 954 1163 et
969 1093 1166 1164 Gaulredo
1183 1094 1371 1165 Autissio-

302 1209 457 1280 dorensi
476 1208 660 1301 episcopo
701 1208 775 1278 sibi
795 1209 1000 1301 adjunctis,
1033 1230 1154 1302 quum
1182 1210 1370 1280 adversus

302 1326 506 1416 Hugonem
520 1324 567 1393 de
582 1323 745 1394 Puteolo
765 1346 832 1394 rex
842 1324 988 1395 bellurn
1003 1325 1111 1415 gerit,
1134 1326 1176 1394 in
1197 1347 1275 1418 quo
1290 1327 1371 1419 qui-

303 1442 392 1512 dem
417 1439 711 1530 Burgundiones
731 1440 831 1510 soede
852 1441 927 1510 lusi
947 1440 1145 1533 fugatique
1166 1425 1256 1511 sun⁸t
1270 1437 1293 1513 ³.
1326 1441 1372 1512 ln

302 1555 646 1646 Augustodunensi
672 1556 835 1627 concilio
867 1555 1025 1626 tandem
1057 1555 1180 1643 sedit‚·
1210 1557 1251 1626 in
1289 1579 1369 1651 quo

303 1695 436 1744 rursus
468 1671 824 1741 excommunicatus
857 1680 915 1742 est
943 1671 1158 1764 Philippus,
1195 1672 1263 1743 sed
1291 1673 1371 1744 dux

303 1788 353 1859 ab
376 1787 517 1879 injuria
543 1787 583 1856 in
610 1809 741 1877 regem
770 1787 922 1857 videtur
955 1781 1224 1860 abstinuisse⁴.
1251 1788 1305 1859 At
1330 1789 1371 1859 id

301 1903 518 1998 praesertim
536 1903 812 1995 proferendum
827 1912 897 1990 cst,
921 1925 998 1996 qua
1020 1902 1219 1992 diligentia
1234 1913 1272 1973 et
1292 1915 1369 1975 stu·

303 2021 367 2090 dio
386 2019 527 2089 milites
552 2040 575 2088 a
598 2017 763 2088 ducibus
783 2019 911 2109 colligi
931 2019 1081 2089 soleant
1100 2027 1137 2089 et
1159 2018 1209 2089 ad
1240 2041 1371 2109 regem

303 2135 456 2223 adduci,
489 2134 808 2227 quotiescumque
827 2134 1045 2225 Anglorum
1071 2135 1133 2205 vel
1157 2134 1369 2206 Germano-

303 2273 390 2321 rum
409 2251 575 2343 impetus
596 2249 730 2320 Galliae
750 2250 961 2345 impendet.

351 2358 468 2437 Anno
488 2363 592 2458 1054,
607 2387 695 2436 cum
710 2366 926 2439 Henricusl
941 2365 1187 2437 Willelmum
1201 2365 1371 2437 Nothum

302 2482 412 2553 timet
435 2491 478 2552 ut
503 2483 618 2552 nimis
647 2482 872 2575 acquirendi
897 2481 1081 2574 cupidum
1099 2491 1136 2552 et
1157 2469 1370 2553 avassallis

330 2809 350 2844 1.
369 2797 463 2841 Widdo
473 2797 534 2841 Dux
545 2797 702 2853 Aquitaniae.
717 2799 785 2852 Post,
796 2796 872 2853 Ilugo
885 2795 953 2840 filius
963 2800 988 2841 et
1002 2796 1112 2852 Legatus
1123 2797 1202 2842 Ducis
1212 2797 1368 2851 Burgundiae

301 2876 450 2931 (coronatio
462 2876 571 2934 Philippi
581 2877 602 2922 I.
618 2877 668 2925 HF.
684 2877 781 2932 X1‚33).

329 2979 349 3010 2.
365 2967 444 3010 Anno
462 2968 522 3022 1115,
540 2966 599 3011 Odo
613 2967 623 3011 1
642 2967 680 3011 cis
699 2967 784 3011 adluit
801 2967 846 3024 qui
869 2966 1081 3023 subscripserunt
1093 2967 1238 3024 diplomati,
1250 2979 1304 3024 quo
1316 2967 1372 3011 Phi·

300 3046 388 3104 lippus
401 3047 412 3090 l
423 3047 524 3103 Hugoni
545 3047 708 3091 cluniacensi
722 3047 881 3091 Mauziacum
898 3047 1087 3091 monasterium
1102 3046 1193 3091 datum
1205 3059 1262 3092 esse
1278 3047 1369 3092 confir·

301 3130 466 3181 nratthctum
477 3130 517 3171 est
526 3127 576 3170 hoc
587 3127 690 3184 publice
703 3127 853 3171 hlauziaci...
870 3126 1030 3184 Philippus...
1050 3127 1077 3174 S.
1098 3127 1201 3172 Odonis
1214 3128 1294 3173 Ducis
1308 3127 1370 3172 Bur·

301 3207 414 3263 gundiae.
430 3209 454 3251 S.
468 3206 585 3250 Rotberti
598 3207 702 3250 comitis
715 3207 904 3250 Arvernorum.
917 3206 944 3254 S.
958 3206 1082 3252 Willelmi
1100 3206 1146 3251 filii
1157 3208 1222 3264 ejus.
1238 3207 1264 3252 S.
1280 3207 1369 3252 Wido·

301 3287 342 3331 nis
352 3286 461 3342 dapiferi
472 3286 556 3342 Regis.
564 3285 588 3330 S.
600 3285 728 3330 Adelelmi
738 3285 919 3331 connestabuli
927 3287 992 3344 eius.
1000 3287 1201 3343 Beneullecued
1208 3287 1252 3332 dee
1263 3288 1369 3333 Chartae

302 3366 331 3411 dc
346 3366 438 3421 Cluny,
451 3379 477 3408 n·
491 3367 561 3421 3699).
578 3366 730 3411 Notandum
751 3370 791 3410 est
810 3367 838 3411 in
857 3367 901 3413 illa
918 3368 1007 3412 charta
1025 3367 1179 3421 Burgundio
1196 3368 1291 3412 ducem
1307 3371 1370 3425 post

301 3446 487 3490 ecclesiasticos
499 3445 633 3498 vassallos,
651 3445 698 3490 sed
717 3449 777 3490 ante
795 3446 875 3491 laicos
895 3451 921 3491 et
940 3447 1061 3491 officiales
1078 3447 1167 3491 venire
1179 3460 1184 3490 :
1198 3447 1268 3491 unde
1280 3451 1369 3492 tamen

301 3526 366 3570 nihil
378 3528 417 3570 cst
430 3525 646 3580 concludendum,
668 3526 765 3582 quippe
782 3526 940 3582 Burgundiae
957 3527 1012 3570 dux
1029 3530 1090 3583 post
1109 3527 1257 3584 Aquitania
1275 3527 1369 3572 ducem

301 3606 411 3663 Philippi
424 3605 434 3649 l
449 3606 612 3651 coronationi
622 3606 714 3649 adluit.
737 3607 777 3654 Gi,
791 3607 937 3650 Lucrinae.
951 3606 1018 3650 Hist.
1035 3607 1078 3650 des
1087 3607 1149 3651 lnat.
1168 3607 1368 3665 monarchiquea,

301 3689 322 3733 t.
340 3685 371 3741 11,
384 3698 411 3742 p.
428 3686 476 3730 230.

327 3784 340 3827 3
367 3783 594 3827 Rebellaverunt...
605 3786 696 3827 contra
705 3783 863 3841 (Philippum
873 3784 978 3840 Regem)
988 3785 1096 3841 quidam
1109 3785 1267 3830 Francorum
1278 3785 1369 3831 Proce-

301 3876 357 3908 res:
374 3876 406 3906 ex
419 3863 515 3920 quibus
528 3866 600 3918 Hugo
617 3863 649 3906 de
662 3863 806 3910 Puteolo...
829 3864 883 3908 Rex
903 3876 965 3908 vero
984 3865 1041 3922 eJus
1057 3866 1192 3910 audaciam
1204 3877 1368 3922 compescere

300 3944 416 4000 cupiens,
426 3942 603 3998 undequaque
612 3943 726 3988 militum
734 3943 866 3988 contrahit
875 3956 990 3989 manum.
1002 3945 1072 3989 Inter
1082 3945 1198 4002 reliquos
1208 3947 1287 3990 etiam
1297 3947 1369 3991 auxi·

301 4024 377 4068 lieres
395 4023 540 4067 exercitum
553 4023 584 4066 de
595 4022 746 4079 Burgundia
759 4024 998 4082 adventareJubet:
1019 4025 1064 4083 qui
1077 4029 1174 4082 accepto
1193 4025 1321 4082 ntanduto,
1341 4027 1368 4071 in

300 4103 436 4147 Franciam
448 4106 598 4159 properant,
616 4103 677 4146 Dux
696 4103 817 4147 videlicet
834 4103 951 4148 eiusdem
970 4104 1128 4160 Burgundioe
1144 4105 1213 4160 odo,
1224 4106 1367 4151 Nirernen·

301 4183 369 4227 sium
393 4184 486 4227 Comes
506 4182 670 4232 Guillclmus.
693 4184 949 4228 Autisiodorensium
967 4185 1085 4228 Pontifex
1102 4184 1259 4240 Ganfredus,
1278 4188 1304 4229 et
1323 4186 1367 4230 ulii

300 4262 478 4318 quamplures.
500 4262 574 4318 Capti
591 4265 653 4306 sunt
670 4263 696 4305 in
713 4263 756 4306 illa
774 4264 833 4318 luga
851 4264 1037 4320 quamplurimi
1056 4264 1157 4308 nobiles
1176 4264 1233 4319 viri,
1252 4265 1365 4310 maxime

299 4344 430 4388 exercitus
449 4342 643 4398 Burgundice...
666 4342 840 4399 Episcopus...
865 4356 925 4387 cum
948 4346 1021 4400 patre
1042 4345 1242 4389 Nirernensium
1265 4345 1366 4391 Comite

299 4427 400 4480 captus,
417 4426 522 4466 coactus
541 4426 581 4466 est
602 4422 717 4478 seipsum
739 4435 792 4466 non
812 4424 920 4468 modicae
939 4426 1093 4481 quantitatis
1109 4426 1219 4482 pecunia
1238 4425 1365 4470 redimere

300 4503 349 4560 (Ex
358 4500 487 4547 miraculis
500 4501 527 4545 S.
544 4501 670 4546 Benedicti
683 4503 784 4547 abbatis.
796 4503 847 4547 ur.
860 4503 903 4558 Xl,
916 4504 972 4560 487).

327 4601 349 4654 4.
368 4600 455 4655 Perre,
465 4602 486 4644 t.
500 4599 519 4654 l,
530 4612 558 4656 p,
570 4600 620 4644 ala.
