3082 5446
659 987 879 1109 eneuuv
916 1076 920 1082 -

259 1270 384 1331 Qualis
401 1270 514 1328 tuerit
532 1273 673 1362 Ducum
692 1277 855 1343 potestas
873 1273 912 1328 in
931 1272 1146 1344 Burgundia
1165 1273 1281 1330 medio

585 1362 794 1419 duodecimo
813 1363 942 1419 seculo.

235 1575 266 1638 1.
294 1575 368 1658 Quo
395 1576 549 1640 modesto
579 1577 693 1640 animo
716 1577 849 1658 fuerint
876 1580 987 1640 nostri
1014 1578 1140 1651 duces,·
1164 1579 1206 1641 de
1230 1581 1299 1643 Hu-

273 1694 364 1756 gone
377 1674 421 1736 II
433 1674 572 1737 Boreilo
590 1677 639 1738 oet
653 1676 815 1758 Pacifiea
830 1713 870 1723 -
892 1676 1021 1758 Quibus
1040 1677 1230 1739 latrociniis
1247 1677 1301 1739 usi

275 1772 344 1833 sint
365 1773 633 1837 Matisconensis
660 1781 693 1836 et
719 1773 967 1839 Cabillonensis
989 1775 1141 1848 comites,
1159 1781 1301 1858 propter

210 1938 212 1943 ,
275 1889 352 1952 quae
376 1870 534 1954 tugerent
553 1872 704 1936 ecciesiae
727 1880 759 1935 et
778 1872 937 1956 papulus.
951 1909 991 1920 -
1011 1874 1121 1956 Quum
1137 1873 1301 1936 incuriosi

275 1968 548 2052 artiumfuerint
563 1991 691 2048 omnes,
708 1972 856 2055 exceptis
871 1971 1056 2035 monachis.

234 2065 286 2128 II.
306 2066 416 2149 Quum
431 2087 522 2151 scope
541 2089 641 2152 reges
661 2069 817 2132 Francia
836 2071 1051 2153 Burgundice
1063 2091 1178 2133 rerum
1188 2071 1301 2154 purti-

274 2165 365 2248 cipes
386 2166 473 2242 faeti
494 2167 574 2241 sint,
596 2169 793 2250 praesertim
816 2175 984 2251 regnante
1013 2169 1181 2232 Ludooico
1211 2169 1300 2242 VII·;

274 2282 379 2344 quam
405 2283 495 2348 soepe
516 2284 631 2348 papae,
648 2266 809 2349 episcopi,
833 2267 984 2338 abbates,
1012 2268 1187 2349 aregibus
1203 2267 1299 2329 auxi-

275 2360 358 2424 lium
371 2362 562 2444 petiverint.
577 2365 623 2410 -’
632 2363 774 2425 Panum
787 2363 886 2425 soioit
901 2364 972 2425 dux
990 2363 1064 2425 Odo
1080 2364 1101 2426 l
1105 2364 1124 2425 I
1135 2363 1168 2425 in
1184 2364 1299 2426 litibus

274 2480 350 2521 cum
371 2461 583 2543 Lingonensi
608 2462 766 2545 episcopo
796 2460 917 2539 (Curia
943 2462 1039 2544 regis
1069 2462 1162 2544 apud
1185 2462 1299 2524 More-

276 2563 357 2631 tum,
389 2559 521 2640 1153.)
546 2596 587 2606 -
629 2559 705 2641 Qua
735 2560 936 2622 necessitate
965 2561 1167 2622 mutandum
1184 2560 1300 2647 fuerit

273 2655 421 2718 ducendi
433 2677 544 2739 genus
560 2660 594 2719 in
609 2658 829 2741 Burgundio.

232 2753 303 2816 ΙΙΙ.
328 2756 379 2817 De
401 2755 548 2836 Hugone
568 2755 686 2817 HL—
701 2758 753 2819 De
768 2756 1035 2819 administrandi
1047 2757 1298 2839 genereAlidis

274 2851 316 2912 de
337 2853 494 2934 Vergeio.
506 2889 547 2900 -
563 2853 647 2935 Quae
660 2854 852 2936 acceperint
864 2860 896 2916 et
913 2854 1117 2916 tradiderint
1127 2856 1230 2937 Hugo
1244 2855 1301 2918 IV

276 2955 308 3010 et
324 2950 493 3014 Robertus
508 2951 560 3013 Il.
577 2987 617 2998 -
634 2951 763 3033 Quibus
777 2951 888 3034 puetis
904 2953 1106 3014 communiae
1121 2973 1142 3014 u
1156 2953 1298 3014 ducibus

273 3047 400 3110 nostris
415 3068 586 3113 concessae
601 3049 678 3112 sint.
694 3086 735 3097 -
751 3049 983 3114 Concluditur.

282 3277 311 3349 Ι.
335 3277 590 3374 Quacumque
619 3281 660 3349 in
688 3291 796 3373 parte
825 3281 1041 3372 primorum
1066 3281 1298 3372 Burgundios

233 3393 377 3464 dueum
402 3395 443 3464 in
475 3396 590 3466 rebus
623 3398 799 3486 gerendis
837 3397 1028 3466 rationem
1055 3397 1296 3488 dijudicanti,

234 3520 395 3602 apparet
410 3534 496 3581 eam
509 3533 633 3604 usque
654 3512 703 3581 ad
724 3533 869 3582 annum
888 3513 978 3604 1142
996 3512 1145 3583 circiter
1161 3534 1300 3605 oppor-

232 3635 369 3696 tunam
397 3627 490 3697 satis
519 3649 601 3696 esse
636 3649 708 3697 nec
733 3629 815 3697 sine
842 3628 1037 3720 prosperis
1065 3629 1299 3721 quibusdam

233 3742 448 3813 eventibus
480 3741 557 3814 Nec
577 3742 698 3812 ullum
718 3743 846 3833 sugere
866 3752 995 3836 potest
1013 3754 1174 3837 propter
1188 3744 1297 3835 justi·

232 3856 328 3928 tiam
356 3858 742 3951 benevolentiamque
762 3858 935 3949 Hugonis
956 3860 1047 3930 Ivel
1067 3861 1115 3945 ΙΙ,
1139 3860 1299 3930 domum

233 3996 367 4044 eorum
385 3960 508 4064 magis
528 3975 569 4044 in
588 3974 669 4044 dies
690 3972 882 4045 firmatam
901 3998 997 4045 esse.
1018 4000 1037 4045 «
1053 3975 1229 4046 Pendant
1243 3977 1298 4046 les

120 4116 123 4121 ’
234 4101 420 4185 quarente
446 4113 515 4159 ans
546 4089 639 4183 qu'il
667 4112 689 4158 a
714 4092 907 4179 geuverne
936 4090 970 4159 le
1002 4091 1148 4178 Duche‚
1172 4094 1299 4185 inquit

233 4205 334 4275 Dom
352 4206 541 4275 Planeher
564 4206 611 4274 de
632 4205 793 4294 Hugone
814 4206 861 4292 II,
886 4206 913 4274 il
941 4208 1004 4277 n'a
1032 4208 1182 4278 trouble
1213 4230 1296 4300 per-

234 4342 368 4412 sonne,
382 4331 420 4391 et
438 4321 501 4391 u'a
520 4321 631 4414 point
647 4321 751 4390 aussi
767 4323 824 4390 ete
844 4321 995 4392 trouble
1011 4324 1079 4394 des
1095 4334 1222 4395 autres
1234 4327 1258 4395 ¹.
1276 4347 1295 4393 a

260 4534 281 4566 1.
299 4523 330 4567 D.
344 4525 488 4568 Panaenus.
509 4522 576 4570 Hist.
592 4519 622 4566 de
634 4505 795 4580 Baurgagnc,
808 4525 827 4565 t.
846 4521 865 4579 1,
878 4535 903 4579 p.
916 4523 963 4587 295.
1088 4585 1092 4590 Ι
1122 4584 1125 4590 ¹

1174 4626 1190 4680 7
