3082 5446
718 617 876 674 -104-

265 768 429 841 cumque
454 746 692 819 instauratur
719 748 781 819 vel
808 771 869 820 res
896 751 1083 843 postulat.
1114 751 1201 823 Non
1228 776 1327 847 opus

263 872 321 933 est
333 863 522 934 vassallos
536 864 638 935 bello
655 887 790 955 cogere
805 866 867 936 vel
883 867 999 936 etiam
1014 868 1151 938 litteris
1166 892 1327 941 evocare

261 989 304 1050 ut
338 981 474 1051 statius
508 981 691 1052 advolent
719 982 769 1052 ad
801 983 1055 1075 praebendum
1084 985 1323 1056 hominium:

262 1107 467 1168 accurrunt
494 1098 535 1167 in
565 1098 712 1169 curiam
743 1099 825 1192 ipsi.
841 1099 998 1170 vassalli
1022 1100 1071 1170 ad
1100 1103 1326 1173 concionem

259 1233 339 1282 non
358 1212 487 1282 vocati
498 1218 521 1284 ¹.

308 1328 533 1399 lllo'tamen
550 1337 737 1423 tempore,
755 1331 918 1401 ducatus
937 1334 978 1403 in
996 1355 1136 1424 magno
1152 1334 1323 1426 periculo

257 1434 486 1516 versabatur
508 1469 515 1515 :
539 1447 571 1516 si
594 1467 675 1515 non
698 1447 878 1536 dignitas,
896 1457 936 1518 at
955 1458 1056 1518 certe
1072 1449 1214 1519 ducum
1232 1472 1321 1542 pos·

188 1620 191 1625 .
257 1562 449 1632 sessiones
464 1561 585 1632 dividi
603 1571 796 1656 poterant.
814 1564 866 1634 Ut
885 1587 932 1634 ex
948 1565 1121 1655 Hugonis
1136 1564 1189 1635 IV
1201 1574 1323 1636 'testa-

255 1687 387 1747 mento
425 1687 593 1765 constat,
628 1679 906 1770 patrimonium
939 1680 1137 1772 quoddam
1169 1681 1323 1751 videtur

255 1815 339 1864 esse
359 1794 465 1887 quod
485 1793 616 1886 pueris
630 1795 748 1865 tradit
762 1795 840 1865 dux
855 1805 899 1866 ut
917 1795 1194 1890 paterfamilias
1209 1819 1322 1886 agros

253 1908 443 2002 villasque
458 1908 608 1980 tradere
629 1908 762 1982 solet¹.
1172 1901 1175 1904 ⁴
1311 1911 1314 1919 '

302 2026 472 2096 Pravum
500 2048 582 2095 esse
613 2026 723 2096 illum
747 2026 916 2096 habendi
943 2027 1104 2097 modum
1133 2027 1321 2098 intellexit

253 2140 446 2211 Robertus
466 2141 514 2229 ll,
544 2141 754 2213 divisiones
773 2143 989 2236 periculum
1006 2144 1239 2234 Burgundiae
1262 2146 1319 2213 in·

251 2258 409 2327 tendere
425 2257 666 2351 ducibusque
682 2259 866 2350 potentiae
880 2259 1203 2330 imminutionem.
1215 2260 1318 2349 Qua·

249 2382 410 2465 propter
424 2374 465 2442 in
472 2373 535 2464 jus
543 2373 744 2466 publicum
754 2374 1073 2463 Burgundionum
1088 2383 1168 2444 tam
1179 2375 1319 2445 eximia

249 2489 475 2580 praescripta
490 2488 707 2559 ¹introduxit
725 2498 767 2558 ut
785 2511 888 2559 nunc
907 2490 1075 2560 maxima
1093 2491 1178 2560 laus
1199 2492 1233 2560 ei
1252 2492 1316 2560 tri-

248 2604 405 2675 buenda
428 2605 489 2675 sit.
514 2605 667 2675 Etenim
685 2605 725 2673 in
744 2614 990 2693 testamento,
1018 2628 1150 2675 mense
1180 2607 1315 2676 martis

248 2721 464 2814 anni1297,
483 2730 649 2812 quatuor
669 2720 854 2791 codicillis
864 2730 1001 2813 postea
1016 2721 1180 2811 firmato,
1199 2723 1316 2790 maxi-

245 2857 352 2906 mam
386 2837 679 2928 possessionum
714 2845 865 2928 partem
902 2858 926 2907 a
962 2837 1090 2907 ducali
1127 2837 1313 2927 dignitate

246 2952 395 3043 sejungi
413 2973 493 3022 non
512 2973 626 3045 posse
646 2953 780 3022 statuit
793 2970 816 3022 ³.

293 3067 468 3160 Denique
483 3068 555 3138 etsi
566 3067 796 3158 Burgundiae
809 3068 924 3138 urbes
938 3090 1099 3158 magnas
1113 3066 1309 3137 libertates

269 3393 290 3430 1.
312 3381 343 3425 D.
363 3381 510 3437 Pmscuun,
533 3381 637 3438 t.11‚p.
658 3382 693 3436 56,
716 3381 819 3438 30e3073
839 3381 953 3435 Priamo,
976 3394 1003 3439 p.
1025 3382 1073 3426 503.
1094 3381 1131 3426 Cf.
1153 3381 1307 3426 Srrosonos.

241 3460 276 3506 Le
287 3459 490 3521 Re'glmefe'odol‚
503 3475 528 3520 p.
541 3464 568 3518 96
578 3475 619 3519 sq.

266 3572 289 3608 a,
311 3561 446 3605 Universis
463 3561 596 3616 presentes
613 3559 715 3604 litteras
735 3559 919 3616 inspecturis...
947 3558 1068 3606 salutem.
1090 3558 1220 3602 Noveritis
1233 3560 1305 3615 quod

239 3652 288 3684 nos
298 3640 408 3698 predicti
419 3640 513 3684 fratres
525 3640 652 3684 internos
665 3639 836 3682 convenimus
844 3642 870 3683 et
879 3638 960 3683 eciam
968 3638 1091 3682 volumus
1101 3641 1127 3682 et
1139 3639 1306 3682 concedimus

239 3733 286 3778 pro
297 3720 367 3765 bono
380 3720 459 3777 pacis,
468 3731 528 3763 vere
542 3719 689 3762 dilectionis
703 3731 732 3762 ac
744 3718 882 3762 concordie
892 3718 960 3761 inter
972 3730 1021 3761 nos
1030 3721 1157 3775 perpetuo
1170 3719 1306 3763 retinendo

238 3800 310 3857 quod
321 3799 429 3844 illustris
442 3799 482 3842 vir
498 3798 574 3854 Hugo
593 3798 653 3842 Dux
673 3797 821 3854 Burgondie
834 3801 908 3854 pater
929 3800 1019 3841 noster
1037 3797 1134 3841 habeat
1149 3797 1258 3841 liberam
1279 3802 1305 3843 et

238 3880 385 3925 absolutam
396 3881 553 3936 potestatem
564 3878 753 3935 patrimonium
766 3890 843 3921 suum
855 3889 902 3920 seu
913 3877 1086 3920 hereditatem
1103 3889 1177 3920 suam
1196 3881 1222 3920 et
1234 3877 1304 3922 bona

237 3959 345 4004 mobilia
358 3971 405 4003 sua
417 3958 574 4009 immobilia.'
583 3958 767 4015 qualicumque
787 3960 813 4000 ct
830 3968 996 4013 quocumque
1014 3957 1120 3999 nomine
1139 3961 1303 4013 censeantur,

237 4039 372 4084 dividendi
389 4051 433 4083 seu
453 4038 595 4082 dividendo
615 4037 755 4081 ordinandi
771 4037 839 4079 inter
855 4047 904 4079 nos
921 4039 947 4079 ct
958 4035 1022 4079 alios
1034 4035 1130 4079 liberos
1143 4047 1212 4091 suos,
1224 4041 1303 4093 prout

236 4120 349 4164 voluerit
361 4123 387 4163 et
406 4119 456 4163 sibi
468 4118 602 4175 placuerit,
623 4121 648 4162 et
667 4117 773 4161 cuilibet
790 4119 912 4160 nostrum
931 4118 958 4158 et
974 4115 1081 4159 cuilibet
1095 4127 1128 4158 ex
1140 4114 1197 4157 aliis
1213 4115 1301 4160 liberis

167 4244 169 4248 .
235 4200 347 4245 divisam
359 4199 508 4257 portionem
525 4198 655 4242 bonorum
676 4209 784 4240 suorum
799 4196 985 4252 predictorum.
999 4198 1078 4252 prout
1095 4195 1144 4247 sibi
1165 4194 1299 4250 placuerit,

234 4279 385 4336 assignandi
405 4290 451 4323 seu
477 4277 510 4322 dc
534 4277 692 4334 assignando
721 4276 861 4320 ordinandi
879 4276 918 4328 (Ι).
938 4274 1086 4329 Pannonian,
1102 4277 1121 4317 t.
1141 4273 1172 4327 11,
1194 4273 1236 4321 Pr,
1260 4277 1296 4330 69,

236 4360 425 4407 Consentement
440 4354 520 4401 donne'
537 4370 569 4402 ou
582 4359 711 4400 testament
730 4356 760 4401 de
776 4356 879 4414 Hugues
898 4354 953 4398 Due
972 4354 1001 4398 de
1022 4353 1182 4410 Bourgogne,
1193 4366 1244 4408 por
1259 4367 1298 4398 ses

233 4442 322 4498 enfans
333 4439 423 4494 Euclea,
442 4437 506 4482 Jeau
525 4440 547 4480 ct
560 4437 658 4486 Robert.
678 4449 736 4480 ann.
757 4437 825 4489 1265).
839 4459 864 4466 —
876 4434 945 4480 Illud
957 4435 1144 4478 documentum
1163 4433 1299 4488 praeclaris·

233 4522 297 4567 sime
308 4518 448 4579 explicavit
459 4517 613 4573 Sarouoaos,
626 4528 670 4573 op.
683 4517 736 4571 cit,
746 4528 771 4573 p.
786 4517 824 4570 164
836 4518 863 4559 et
872 4527 913 4570 sq.

257 4621 281 4669 3.
296 4619 327 4664 D.
340 4621 485 4672 amacura,
497 4620 518 4661 t.
530 4616 562 4671 11,
574 4615 613 4660 Pr.
626 4615 676 4670 145;
687 4626 714 4671 p.
726 4614 838 4669 309,note
851 4624 888 4657 iv.
902 4612 942 4661 Gi.
957 4609 1032 4664 thid,
1042 4622 1067 4667 p.
1082 4621 1128 4666 110,
1143 4621 1189 4664 119,
1203 4611 1250 4655 131.
