3082 5446
715 547 857 605 -81-

253 688 352 747 reret
372 686 409 747 et
435 677 547 769 quasi
574 678 838 747 monarchiam
858 676 1067 769 quamdam
1088 675 1161 745 sibi
1182 675 1319 746 consti-

253 788 410 863 tueret¹.
435 793 576 863 Pacem
604 803 836 885 acceperunt
865 793 1021 861 tandem
1044 792 1253 863 adversarii
1277 792 1317 861 in

253 909 596 999 Augustoduncnsi
611 909 775 979 concilio
790 907 814 996 ³,
832 930 902 977 nec
914 907 996 999 jam
1011 918 1122 1000 rupta
1138 917 1208 994 cst,
1227 907 1319 999 quia

252 1026 397 1095 seilicet
415 1024 585 1094 Roberto
600 1047 661 1093 res
680 1006 761 1093 non
779 1023 940 1093 feliciter
956 1033 1147 1095 evenerat.

299 1140 328 1210 E
357 1140 567 1228 nobilibus,
601 1140 874 1232 qualicumque
898 1149 1008 1208 erant
1048 1139 1315 1231 amplitudine,

251 1255 330 1325 sive
359 1255 564 1325 comitatus
600 1255 680 1324 sive
719 1255 875 1324 castella
906 1254 1172 1346 possidebant,
1207 1256 1317 1327 ducis

251 1370 365 1441 Curia
384 1372 600 1441 constabat.
619 1370 717 1441 Acta
731 1370 889 1462 publica
903 1370 965 1440 vel
978 1371 1130 1462 privata
1143 1393 1316 1465 persaepe

249 1487 296 1556 de
316 1487 370 1556 eis
383 1487 619 1557 mentionem
634 1486 792 1573 iaciunt,
812 1508 900 1556 eum
915 1486 1138 1556 nominibus
1153 1487 1315 1559 diversis

249 1602 317 1672 sed
355 1603 458 1672 idem
503 1601 832 1693 significantibus:
868 1602 1048 1688 barones,
1092 1603 1312 1695 optimates,

247 1740 440 1810 proceres,
479 1721 684 1790 castoreati
712 1713 926 1813 proceres³.
957 1719 1091 1788 Partes
1125 1719 1315 1811 quasdam

250 1843 382 1904 tenent
402 1856 491 1904 cunr
506 1835 584 1905 dux
605 1846 812 1924 mutaturt,
839 1834 907 1928 qui
927 1857 1058 1904 coram
1077 1835 1131 1903 eis
1156 1835 1315 1905 consilia

273 2090 295 2128 1.
305 2078 482 2124 lilonarchiam
489 2080 657 2125 Nivcrnensis
666 2083 692 2124 et
703 2080 941 2125 Autissiodorensis
949 2084 1028 2136 atquc
1039 2080 1248 2126 Tornodorensis
1256 2093 1313 2142 pro·

245 2159 336 2204 vinciae
352 2160 467 2204 obtinuit
485 2159 533 2212 (Ex
543 2160 600 2204 bist.
613 2161 678 2204 brevi
692 2160 815 2204 Comitum
827 2158 1024 2217 Nirrrncnsiam,
1033 2160 1063 2204 H.
1071 2161 1097 2205 F.
1105 2161 1160 2216 Xll,
1168 2162 1228 2215 316).
1240 2162 1313 2206 Idem

245 2239 356 2296 scriptor
367 2240 403 2284 ita
413 2239 534 2284 Willelmi
546 2240 714 2284 Nirernensis
725 2254 833 2297 regnum
847 2241 962 2285 breviter
975 2245 1077 2284 narrat:
1099 2241 1312 2286 Possessionibus

245 2319 333 2363 maltis
353 2319 460 2375 ditatus,
479 2320 670 2377 quinquaginta
690 2321 772 2364 millia
793 2320 938 2365 solidorum
960 2321 986 2364 in
1007 2321 1131 2365 thesauro
1143 2334 1191 2366 suo
1210 2334 1313 2378 semper

183 2430 194 2448 .
244 2398 350 2454 habuit;
364 2399 503 2456 dequibus
514 2401 582 2445 circa
594 2402 735 2445 terminum
752 2402 812 2446 viter
831 2413 884 2445 sum
904 2401 1040 2445 Basilicam
1056 2404 1080 2445 S.
1095 2401 1220 2458 Stephani
1237 2405 1313 2446 extra

243 2490 334 2522 muros
346 2479 459 2524 civitatis
471 2479 591 2524 Nivernis
604 2481 751 2527 arditicarit.
768 2481 891 2524 Dilatavit
907 2481 1001 2536 etipse
1018 2481 1144 2525 terminos
1160 2482 1229 2526 intra
1246 2481 1311 2526 lines

243 2558 398 2614 Lingonum,
412 2559 572 2604 Comitatum
582 2561 823 2605 Tornadorensiarn
835 2573 970 2617 apponens
983 2561 1123 2605 Conritatui
1142 2561 1264 2606 Nivernis
1283 2565 1310 2606 et

245 2637 420 2694 Altissiodori,
432 2653 514 2685 ununr
525 2640 557 2684 ‹lc
568 2640 651 2684 tribus
662 2653 822 2698 componens
835 2641 875 2693 (ll.
890 2641 918 2689 F.
936 2641 977 2691 xl,
992 2641 1050 2694 231).
1066 2666 1091 2674 —
1103 2641 1255 2686 Notandum
1269 2646 1309 2687 est

245 2718 427 2763 nivernensem
449 2720 554 2764 titulum
579 2720 664 2763 solum
696 2734 710 2764 a
742 2721 873 2764 ll'illelrno
896 2721 936 2764 vel
956 2722 1013 2778 rJus
1035 2722 1229 2766 successoribus
1252 2733 1308 2765 esse

243 2801 382 2856 retentum,
403 2812 450 2843 nec
473 2800 685 2852 tornodorenses,
699 2813 784 2857 neque
803 2801 1040 2845 autissiodorenses
1052 2802 1160 2846 comites
1173 2813 1201 2846 se
1211 2802 1308 2846 dixisse

243 2879 381 2936 (Quereris.
397 2877 543 2924 Cartrrlaire
554 2878 657 2940 general
670 2881 700 2925 de
710 2880 822 2934 l'l'onne,
834 2884 851 2925 t.
866 2881 897 2934 ll,
910 2881 1018 2936 introit,
1029 2894 1054 2938 p.
1068 2886 1168 2934 xxxix).

267 2987 290 3026 a.
308 2978 418 3022 Tantam
442 2991 505 3022 mox
529 2979 679 3035 pradicatio
702 2980 783 3023 sancti
806 2979 934 3034 (lingonis
956 2979 1143 3031 cluniacensis)
1167 2981 1307 3024 ellicaciam

240 3056 339 3109 habuit.
352 3061 382 3102 ut
394 3070 425 3102 eo
435 3058 553 3116 jubente,
567 3060 621 3103 dux
630 3059 684 3116 ipse
696 3060 735 3103 sui
747 3062 859 3102 mortem
867 3059 911 3103 lilii
923 3059 1135 3103 interlectoribus
1145 3060 1307 3104 condonaret

239 3139 266 3181 et
276 3137 387 3182 Ecclesia
399 3151 488 3195 pacem
506 3139 631 3195 reciperet
641 3138 711 3191 (Vita
725 3139 751 3182 S.
772 3139 886 3197 Hugonta
899 3139 929 3183 ab
941 3139 1047 3197 Hugone
1060 3138 1188 3183 monacho.
1209 3138 1305 3183 bitena.

239 3217 264 3260 P.
276 3216 303 3262 l..
318 3221 337 3262 t.
348 3217 432 3273 cttx,
444 3220 493 3263 col.
507 3223 566 3273 921),
579 3219 638 3276 Quo
652 3231 729 3275 aiano,
740 3219 868 3263 incertum
889 3223 928 3264 est
941 3220 1011 3273 (vide
1038 3231 1124 3276 supra,
1151 3231 1177 3275 p,
1193 3220 1226 3272 68,
1237 3232 1263 3262 n.
1276 3224 1306 3271 α).

239 3295 302 3353 Pax,
315 3311 394 3354 quarn
407 3298 564 3355 Burgundiae
577 3299 655 3343 (luces
671 3311 729 3342 cum
743 3299 944 3343 nivernensibus
957 3299 1096 3343 comitibus
1115 3301 1239 3354 fecerunt,
1260 3299 1305 3343 diu

238 3379 389 3435 permansit,
408 3382 434 3422 ct
456 3382 547 3435 postea
561 3379 669 3423 comites
689 3379 800 3423 ducibus
814 3380 964 3436 frequenter
984 3392 1011 3422 sc
1027 3380 1183 3436 junxerunt.
1197 3380 1251 3423 sive
1275 3383 1305 3424 ut

237 3471 329 3502 eorum
341 3458 418 3502 curlae
431 3458 560 3510 adessent,
572 3459 626 3502 sire
640 3462 666 3502 ut
678 3459 791 3503 Francia
803 3460 855 3515 regi
866 3459 1000 3515 copiarum
1013 3459 1141 3503 auxilium
1154 3460 1260 3504 ferrent.

263 3557 286 3604 3.
304 3556 364 3600 Dux
381 3559 404 3600 et
426 3557 492 3600 sui...
513 3557 592 3600 llucis
611 3560 637 3599 ct
667 3557 738 3600 caric
762 3570 808 3600 suc
827 3557 954 3608 (llraoais
973 3556 995 3600 ll
1015 3555 1135 3613 Diplom.‚
1156 3570 1215 3601 arrn.
1245 3559 1304 3613 1113,

231 3636 306 3692 apud
319 3635 358 3679 Da
372 3636 536 3689 Caaairassa,
550 3635 695 3680 Cartalairc
708 3635 737 3680 cic
750 3633 843 3694 l'dglisc
858 3635 975 3687 d’rtutan,
989 3640 1009 3680 t.
1020 3636 1039 3691 1,
1054 3649 1063 3680 1
1077 3649 1144 3693 pars.
1159 3638 1198 3682 l’r.
1219 3643 1259 3691 12).
1278 3663 1302 3670 —

237 3715 307 3759 Duce
320 3718 346 3759 et
356 3715 476 3772 pluribus
488 3715 631 3760 baronibus
642 3717 791 3771 Burgundie
804 3714 927 3773 (Piraian,
938 3716 1045 3771 Recueil,
1055 3731 1080 3774 p.
1095 3723 1178 3770 roo).-
1188 3718 1303 3764 Barones

235 3797 380 3843 accersiit...
394 3800 428 3850 et,
448 3801 477 3841 ut
494 3797 591 3853 regiam
605 3797 690 3840 sibiet
704 3797 875 3853 optimatibus
888 3797 942 3842 suis
952 3798 1044 3842 festive
1057 3802 1211 3843 ornarent...
1222 3799 1301 3843 tOno.

236 3876 325 3920 Vrrsr..
336 3876 401 3920 Ilist.
415 3877 473 3923 ecel.
489 3876 556 3923 Xlll.
572 3878 605 3930 15)
627 3900 654 3909 -
667 3877 736 3921 buce
753 3877 903 3934 Burgundie
915 3890 975 3921 cum
986 3878 1040 3922 suis
1050 3879 1202 3923 castoreatis
1215 3891 1304 3935 proce·

235 3955 308 4001 ribus
321 3960 364 4009 (Du
374 3957 539 4011 Criaauassa,
552 3956 735 4000 Cartutoircdc
746 3954 839 4014 tt‘gttse
852 3956 968 4008 d'Aotan,
982 3961 1001 4002 t.
1012 3958 1031 4009 Ι,
1044 3971 1053 4002 1
1067 3970 1137 4015 pars.
1151 3959 1194 4003 Pr.
1213 3960 1258 4014 40).
1277 3983 1302 3993 -

235 4035 295 4080 Fuit
312 4037 381 4080 enim
395 4036 468 4083 idem
480 4037 612 4081 Manasses
625 4049 658 4080 ex
671 4036 814 4094 majoribus
831 4040 857 4080 et
876 4036 1049 4082 nobilioribus
1069 4039 1222 4084 Proceribus
1239 4040 1303 4084 Bur·

234 4117 338 4171 gundiae
351 4119 428 4160 natus
440 4116 536 4169 (Purra.
547 4120 566 4161 t.
580 4116 597 4167 Ι,
611 4117 654 4161 Pr.
669 4119 713 4171 27).

261 4214 284 4269 4,
301 4214 431 4258 liebertus
441 4218 582 4270 antequam
595 4220 713 4258 mortuus
727 4217 774 4269 est,
784 4215 864 4270 jussit
876 4215 977 4260 nobiles
987 4219 1121 4273 postremo
1135 4217 1188 4262 tilio
1201 4231 1299 4276 parere,

234 4295 264 4337 ut
276 4293 336 4337 duci
348 4293 428 4345 (Onu.
448 4293 540 4347 V1ran,
553 4293 613 4337 lltst.
633 4291 698 4346 cert,
718 4292 785 4344 Xlll,
807 4294 847 4345 15).
858 4319 883 4326 -
896 4294 1002 4339 Nobiles
1012 4295 1057 4352 qui
1068 4296 1175 4353 quidem
1188 4297 1299 4343 llivione

234 4372 499 4429 aderant,Hugonen1
510 4373 615 4417 tandem
629 4374 739 4425 assecuti
749 4377 810 4416 sunt
819 4373 846 4416 in
855 4373 980 4420 Sanctum
991 4375 1145 4432 Benignum,
1160 4379 1186 4420 et
1194 4377 1219 4420 in
1232 4378 1301 4434 pala-

233 4454 299 4497 tium
320 4453 462 4497 solenniter
481 4465 566 4496 novus
584 4453 638 4496 dux
656 4453 755 4496 introiit
774 4452 853 4504 (Ono.
875 4453 964 4502 Vrrar..
982 4455 1030 4498 loc.
1051 4455 1104 4507 cit.)
1118 4455 1157 4504 Ct'.
1173 4456 1201 4510 l),
1216 4457 1298 4502 Pusa-

233 4544 308 4583 cuun,
323 4536 341 4577 t.
355 4533 373 4586 l,
388 4533 429 4581 Pr.
446 4533 509 4586 XLI,
520 4532 594 4586 xttl,
609 4531 682 4576 xtv.

1137 4653 1154 4710 6
