3082 5446
704 635 830 691 ..7-

233 766 301 860 qui
316 776 402 837 acta
416 765 572 859 publica
587 773 909 858 exprompserunt
932 775 975 836 ut
989 764 1075 835 illas
1094 787 1301 856 regnorum

234 884 444 953 divisiones
464 881 634 951 carolina
653 889 765 950 aetatc
778 880 929 951 iactas.
946 880 1170 970 Burgundia
1182 881 1299 952 Fran·

235 999 302 1068 ciac
334 996 607 1091 opponebatur
628 997 819 1067 nomine².
854 996 952 1066 Cum
979 1005 1110 1066 autem
1138 996 1302 1066 Francia

233 1113 329 1183 nihil
347 1112 453 1183 aliud
471 1113 617 1183 valeret
636 1111 712 1181 nisi
732 1103 1156 1201 Clodovechi'rcgnum,
1178 1109 1300 1204 Aqui·

233 1230 340 1299 tania
367 1249 448 1298 non
476 1227 640 1315 devicta,
680 1249 824 1298 nomen
861 1226 1093 1317 Burgundiae
1125 1226 1301 1319 priscum

233 1345 466 1416 Guntramni
480 1365 643 1434 regnum
656 1342 914 1433 designabat³.
925 1342 1172 1435 Quapropter
1190 1343 1299 1413 intel·

233 1461 350 1550 ligere
384 1461 472 1529 licet
506 1458 702 1551 quomodo
727 1459 768 1528 in
791 1479 1000 1548 regnorum
1027 1459 1297 1546 divisionibus

234 1597 336 1647 anno
363 1574 433 1667 837
466 1574 601 1667 61839
627 1574 825 1660 consectiS,
844 1573 1068 1663 Burgundia
1094 1596 1219 1668 usque
1250 1574 1300 1644 ad

233 1691 425 1761 Lutetiam
435 1691 634 1784 patuerit⁴.

261 1940 280 1972 1.
293 1928 412 1984 Regnum
421 1927 579 1985 Burgundios
591 1928 762 1981 (Fnsnsoann
785 1927 934 1977 chronicon.
946 1927 989 1982 lV,
1002 1940 1021 1983 1,
1034 1927 1079 1984 78).
1101 1927 1131 1972 In
1147 1938 1229 1984 regno
1242 1929 1300 1972 Bur-

233 2008 339 2064 gundiae
350 2011 516 2062 (Fusoscsnu
526 2009 687 2063 continuatio,
699 2009 743 2064 (5).
752 2007 847 2064 Regnis
857 2007 1056 2052 austrasiorum
1073 2007 1301 2065 Burgundionum·

234 2100 285 2144 quc
298 2089 400 2140 (Jonas.
419 2087 474 2133 Vita
490 2087 700 2144 Columbaut,1u).
716 2089 746 2132 ln
757 2099 840 2144 regno
862 2087 1021 2143 Burgundios
1036 2086 1136 2142 (Karoli
1156 2086 1219 2132 cairi
1236 2089 1301 2144 capi·

234 2168 317 2213 tutare
326 2169 470 2224 tusiacense,
482 2182 505 2214 a.
513 2169 562 2225 865,
581 2169 652 2225 apud
666 2168 780 2222 Knausc,
796 2166 955 2225 Capitularia
978 2179 1066 2227 regum
1087 2167 1252 2222 Francorum,
1274 2181 1299 2225 p.

233 2249 293 2304 329).
306 2272 334 2282 -
347 2249 490 2294 Undecimo
502 2249 598 2304 seculo,
611 2249 769 2305 Burgundioe
787 2248 898 2293 ducatus
919 2260 979 2293 cum
996 2249 1133 2293 institutus
1149 2251 1190 2292 est
1207 2251 1234 2293 ct
1252 2248 1300 2292 Ro·

234 2329 310 2374 berto
320 2329 331 2374 I
343 2329 464 2384 traditus,
474 2330 578 2386 pristini
592 2329 666 2386 regni
679 2329 805 2372 memoria
821 2331 876 2373 tam
888 2329 968 2373 vivax
980 2329 1125 2386 permansit
1143 2331 1173 2373 ut
1190 2340 1300 2386 regnum

233 2409 391 2466 Burgundlae
404 2409 562 2454 vocabulum
577 2409 604 2453 in
621 2409 733 2466 puhlicis
751 2409 816 2453 actis
834 2421 889 2453 non
904 2408 985 2454 semel
1007 2408 1155 2453 adhibitum
1168 2409 1209 2453 sit.
1223 2408 1261 2452 lta
1272 2409 1300 2452 in

233 2488 358 2534 Robertil
371 2489 559 2546 diplomatibus
569 2489 678 2546 legitur:
689 2501 701 2531 (
710 2487 920 2533 consuetudines
928 2489 950 2546 ej
954 2488 1046 2533 usdcm
1054 2488 1300 2545 regni-Veniente

234 2568 303 2613 Duce
320 2581 416 2627 magno
428 2569 539 2625 Hugonc
548 2569 708 2613 Francorum
727 2569 753 2612 in
773 2580 854 2625 regno
873 2568 1079 2625 3613161116.-
1092 2567 1242 2626 Burgundio
1263 2579 1300 2612 re·

234 2659 325 2705 gnum,
341 2648 421 2693 Ducis
435 2649 589 2694 auctoritate
602 2649 714 2706 adeptus
728 2661 740 2692 s
752 2647 849 2704 (Purra,
861 2650 883 2697 t.
897 2648 916 2703 l,
929 2647 1052 2706 Preuvcs,
1065 2659 1099 2692 ιν·
1109 2649 1143 2704 17,
1153 2648 1187 2695 2⁸.
1199 2648 1243 2700 ³5).

259 2758 283 2794 a.
298 2746 499 2802 Burgundiones
510 2748 536 2792 et
549 2746 678 2792 Austrasii
698 2758 759 2791 cum
774 2746 880 2791 Francis
902 2758 965 2804 pace
986 2747 1055 2791 facia
1073 2745 1157 2799 (Liber
1178 2745 1299 2800 historia,

233 2825 280 2882 (6).
305 2827 370 2871 Tam
378 2826 490 2871 Frantiae
500 2839 631 2884 quamque
646 2826 800 2882 Burgundiae
816 2825 886 2879 (Vita
904 2825 980 2871 Htud.
997 2827 1028 2871 ab
1047 2829 1147 2870 auctora
1165 2838 1299 2881 anonymo,

232 2907 275 2962 (9).
289 2905 319 2950 In
340 2906 489 2963 Burgundia
512 2910 539 2951 et
562 2907 646 2952 Gallia
671 2906 791 2960 (Annales
806 2905 982 2961 Xantencnses,
996 2919 1022 2955 a.
1042 2907 1102 2962 869).
1122 2906 1210 2952 Mense
1230 2905 1300 2949 Malo

233 2989 415 3041 conventus...,
424 2987 451 3030 in
463 2999 517 3043 quo
527 2999 580 3031 non
590 2987 708 3032 universi
717 2987 831 3031 Francius
841 2987 978 3044 primores,
989 2987 1035 3031 scd
1048 2987 1080 3032 de
1091 2986 1210 3030 orientali
1222 2986 1300 3030 Fran·

235 3066 363 3124 ciaatquc
386 3068 507 3122 saxonia,
526 3067 652 3122 Baioaria‚
670 3066 826 3111 Alamannia
851 3070 930 3124 atque
949 3066 1111 3112 Alamanniae
1137 3066 1300 3111 contermina

235 3147 384 3204 Burgundia
403 3150 429 3192 et
447 3147 598 3203 regionibus
617 3146 708 3191 Rheno
727 3147 907 3192 adiacentibus
924 3146 1015 3192 adesse
1027 3147 1091 3191 iussi
1108 3150 1171 3192 sunt
1180 3145 1300 3200 (Annales

236 3226 400 3271 laurissenses
423 3229 542 3285 majores,
552 3226 586 3271 ad
597 3239 658 3274 ann.
671 3227 734 3280 823.)
744 3226 901 3284 Quicquid...
917 3227 950 3272 dc
966 3224 1048 3283 regno
1061 3230 1151 3272 nostro
1164 3227 1300 3273 extrahas

235 3307 363 3352 terminos
378 3308 465 3363 tuerit,
482 3308 509 3352 id
525 3310 566 3352 est
584 3307 720 3352 Franciam
740 3311 767 3352 ct
788 3306 1082 3364 Burgundiamfflirisio
1095 3308 1299 3367 regnaremus,

237 3399 293 3444 cap.
308 3387 329 3431 3.
348 3387 488 3443 Ronanus,
502 3386 661 3443 capitularia
672 3399 761 3447 regum
772 3387 939 3443 Francorum,
952 3400 979 3444 p.
996 3390 1053 3443 127).

262 3485 284 3528 3.
301 3484 402 3529 Kunrn.
420 3484 458 3529 La
479 3485 577 3530 Franco
595 3487 618 3529 ct
637 3484 672 3529 ics
690 3485 787 3530 Froncs
806 3484 869 3529 dans
882 3485 907 3529 la
925 3484 1018 3543 langue
1026 3485 1147 3543 potitique
1155 3485 1188 3530 du
1198 3483 1301 3540 Moyen·

236 3565 284 3624 rige
293 3565 390 3618 (Revue
401 3565 446 3609 des
456 3566 591 3622 questions
601 3565 768 3622 historiques,
781 3578 842 3609 ann.
856 3566 915 3620 1895,
931 3568 951 3614 t.
965 3565 995 3620 Ι).
1015 3564 1056 3613 Cl'.
1073 3564 1205 3610 Lenonos.
1226 3564 1300 3610 Atlas

237 3644 382 3702 historiqur,
393 3645 477 3702 prima
487 3657 556 3702 pars,
570 3648 667 3700 textus,
677 3658 704 3702 p.
717 3646 751 3701 47.

261 3744 285 3798 4.
301 3743 338 3788 De
348 3744 500 3800 Burgundia
512 3742 650 3787 Tulensem
662 3747 735 3800 (pays
746 3743 777 3787 de
790 3743 873 3798 Toni),
892 3743 1075 3788 Odornensem
1091 3742 1232 3796 (l'Ornois)‚
1256 3743 1299 3787 Be·

237 3823 344 3867 densam
365 3827 427 3877 (aux
448 3823 528 3868 bords
546 3824 578 3868 de
590 3822 726 3877 l'Ourthe),
745 3823 888 3868 Blesinsem
908 3823 942 3878 (16
964 3823 1080 3878 Blcsois),
1102 3823 1245 3868 Pertinsem
1265 3823 1299 3875 (16

236 3903 352 3958 Pertois),
364 3906 490 3960 utrosque
503 3903 642 3947 Barrcnscs
662 3903 709 3956 (les
721 3915 786 3960 pays
801 3904 833 3948 (16
845 3902 998 3949 Bar-le·Dnc
1010 3904 1079 3948 etde
1091 3902 1298 3958 Buram-Anba),

237 3967 407 4027 Brioncnsem
422 3982 455 4037 (16
467 3995 531 4039 pays
544 3982 576 4026 de
588 3982 715 4034 Brienne).
726 3983 901 4026 Tricassinum
920 3983 952 4035 (le
963 3995 1027 4039 pays
1040 3983 1073 4026 de
1092 3982 1207 4038 Troyes),
1219 3982 1299 4027 Altio-

237 4063 357 4107 drensem
369 4062 555 4115 (l'Auxerrois),
576 4063 732 4106 Seironicum
751 4063 783 4114 (16
806 4060 949 4116 senonias),
961 4062 1154 4107 Wastincnsem
1174 4062 1207 4118 (16
1230 4063 1299 4108 Gari-

235 4143 309 4199 nais),
321 4142 520 4187 Milidunensem
531 4142 564 4196 (le
576 4154 641 4199 pays
653 4142 686 4186 (16
701 4141 806 4193 Melan),
819 4144 990 4198 Stampenscn
1006 4142 1039 4194 (16
1056 4155 1121 4199 pays
1134 4143 1298 4199 d'Etampes),

235 4222 395 4267 Castrinscm
406 4222 439 4274 (16
456 4235 520 4279 pays
537 4223 569 4266 de
587 4222 712 4276 Chatrcs),
731 4221 884 4265 Parisiacum
910 4220 942 4273 (16
959 4221 1071 4273 Parisis).
1091 4223 1203 4267 Annales
1225 4223 1299 4267 Berti-

237 4302 356 4355 niani,ad
368 4315 459 4347 annum
470 4304 521 4359 837.
536 4327 565 4336 -
580 4305 704 4347 Partem...
720 4301 882 4358 Burgundiae,
896 4302 922 4345 id
939 4305 979 4346 cst
997 4302 1092 4346 vallem
1116 4304 1299 4360 Augustanam

235 4383 293 4438 (Val
315 4383 438 4435 d’Aoste)‚
458 4383 612 4427 comitatum
628 4381 810 4426 Vallissiorum
828 4381 941 4436 (Valuis),
960 4382 1114 4426 comitatum
1135 4368 1299 4428 waldensem

237 4475 320 4520 usque
333 4475 403 4507 mare
415 4462 534 4507 Rhodani
554 4465 628 4520 (pays
647 4462 679 4506 de
698 4461 809 4515 Vaud)...
830 4460 945 4506 Alterum
964 4465 1066 4518 partem
1087 4461 1253 4520 Burgundiae‚
1270 4463 1298 4508 id

236 4548 277 4589 est
286 4544 439 4588 comitatum
456 4543 636 4588 Genavensem
647 4542 805 4596 (Genevols),
824 4542 976 4586 comitatum
995 4541 1195 4598 Lugdunensem
1207 4543 1298 4600 (Lyon-

239 4625 313 4680 nais),
329 4624 482 4671 comitatum
501 4622 715 4668 Cavallonenscm
733 4621 1009 4679 (chalon-sursaone),
1024 4622 1178 4668 comitatum
1198 4623 1298 4669 Amans
