3082 5446
631 634 771 692 ..19-

169 763 287 834 seculi
317 762 486 854 spatium
518 761 702 833 ducatum
732 762 985 833 retinuerunt.
1016 762 1066 832 Hi
1103 774 1228 835 sunt:

167 878 356 950 Rodulius
368 900 448 966 rex,
462 877 575 968 Hugo
590 879 712 969 niger,
724 879 836 969 Ilugo
852 878 964 949 albus
978 877 1041 949 vel
1051 901 1228 970 magam,

168 994 420 1082 Giselbertm‚
440 993 535 1063 Otto
555 1002 593 1062 et
612 994 815 1065 llenrieus.

176 1140 180 1151 ¹
217 1109 396 1180 Ceterum
433 1109 593 1179 domum
625 1110 825 1203 propriam
857 1110 1018 1180 illinon
1050 1110 1230 1180 condide-

168 1232 285 1310 rant¹‚
307 1246 377 1296 nec
399 1234 481 1295 erat
499 1248 634 1295 revera
649 1225 813 1295 ducatus
833 1225 1005 1318 quidam.
1028 1224 1129 1296 Nihil
1149 1235 1232 1295 tum

168 1342 274 1413 aliud
301 1342 441 1432 agebat
467 1341 547 1411 dux
572 1341 809 1432 Burgundiae¹
838 1341 988 1411 decimo
1009 1343 1138 1411 seculo
1158 1342 1232 1411 nisi

169 1458 276 1552 quod
294 1457 482 1527 militibus
506 1457 735 1549 imperabat,
757 1456 913 1546 regibus
938 1457 1120 1527 carolinis
1143 1479 1231 1549 pro-

168 1572 295 1660 batus,
314 1572 523 1665 jussusque
543 1572 673 1641 hostes
689 1571 874 1664 repellere
896 1581 935 1641 et
956 1572 1064 1662 regni
1081 1581 1233 1663 partem

170 1688 381 1781 quamdam
412 1697 539 1777 tegere
585 1687 647 1757 vel
686 1686 912 1777 gubernare.
952 1687 1057 1775 Quid
1094 1687 1231 1778 plural

169 1803 392 1893 Burgundio
416 1803 521 1873 velut
551 1804 787 1872 «marcha»
823 1803 1002 1895 quaedam
1031 1811 1089 1872 est
1115 1802 1229 1888 lacta,
1309 1860 1312 1865 .

169 1919 275 2012 quod
294 1919 411 1989 etiarn
430 1941 453 1988 a
479 1918 785 1988 «marchionis»
810 1918 1069 2011 appellatione
1096 1918 1233 1989 confir·

169 2044 298 2105 matur
307 2056 424 2127 quam
435 2034 649 2104 Richardus
660 2033 817 2104 inActis
827 2034 1036 2127 aliquando
1048 2033 1122 2103 sibi
1132 2034 1235 2104 adhi-

170 2150 256 2221 buit
269 2149 331 2221 vel
342 2150 391 2220 ab
405 2150 616 2220 Annalium
635 2150 888 2242 scriptoribus
904 2151 1083 2243 aceepit¹.
1100 2149 1234 2244 Neque

170 2266 385 2337 Richardus
411 2288 537 2358 neque
566 2287 808 2337 successores
831 2274 1019 2358 perpetua
1046 2266 1233 2356 dignitate

171 2405 211 2452 se
226 2381 301 2452 lrui
320 2381 495 2452 arbitrati
505 2390 596 2452 sunt
611 2390 677 2452 aut
689 2381 886 2471 regionem
899 2381 1098 2474 possidere
1115 2403 1234 2474 quam

170 2491 471 2568 defendebant³:
504 2497 610 2591 quod
634 2507 782 2584 contra,
806 2496 959 2590 quoties
984 2496 1234 2567 mutabantur

169 2635 291 2703 reges,
313 2613 427 2683 toties
441 2613 666 2684 renovanda
681 2622 762 2683 erat
781 2612 923 2683 ducum
938 2613 1160 2683 auctoritas.
1176 2612 1234 2682 lta

170 2729 281 2819 Hugo
309 2750 473 2819 magnus
494 2729 554 2799 bis
571 2729 650 2799 dux
667 2728 899 2819 Burgundiae
920 2738 977 2799 est
995 2728 1231 2814 nominatus,

169 2867 271 2915 anno
292 2846 363 2938 943
383 2867 406 2915 a
424 2844 622 2915 Ludovico
642 2844 914 2915 Transmarino
939 2854 977 2915 et
997 2867 1100 2915 anno
1119 2844 1191 2937 954
1211 2866 1233 2914 a

169 2961 386 3047 Lothario⁴3
405 2960 544 3031 deinde
560 2961 721 3050 Hugone
732 2959 928 3047 deiunct0‚
946 2960 1013 3033 lilii
1023 2960 1105 3051 ejus
1120 2959 1232 3049 Hugo

169 3086 207 3147 et
231 3076 325 3147 Otto
354 3098 483 3166 regem
503 3077 698 3167 congressi
722 3085 812 3146 sunt
835 3085 873 3147 et
900 3097 1032 3145 coram
1051 3073 1232 3145 omnibus

170 3194 204 3263 ei
219 3191 371 3262 fidelem
381 3192 558 3262 militiam
567 3214 636 3284 per
640 3191 912 3283 jusjurandmn
923 3191 1230 3285 spoponderunt,

195 3547 216 3579 1.
232 3535 306 3580 Falsa
326 3540 387 3581 sunt
406 3549 439 3581 ex
458 3540 531 3594 parte
553 3547 611 3593 quac
630 3534 706 3580 finxit
727 3536 847 3580 chronici
868 3535 975 3591 Benigni
990 3536 1103 3592 scriptor
1121 3532 1230 3588 (chron.

167 3614 283 3675 Benignt,
294 3629 320 3673 p.
338 3617 392 3670 123).

194 3726 214 3757 α.
224 3713 367 3759 Richardns
378 3715 493 3759 marchio
502 3714 534 3759 de
540 3714 691 3771 Burgundio
698 3715 763 3758 obiit
770 3714 931 3766 (rionolmn
940 3716 1011 3768 Aen„
1019 3714 1052 3758 ed
1061 3725 1119 3758 ann.
1127 3725 1174 3767 921.
1186 3712 1230 3756 SS.

168 3792 213 3846 llI,
227 3807 252 3850 p.
264 3794 321 3849 369).
342 3796 435 3839 Comes
449 3798 476 3839 et
496 3795 648 3843 marchio...
669 3794 848 3839 nobilissimus
866 3795 981 3838 mareblo
998 3793 1047 3848 (liu
1068 3793 1232 3838 enarrasse.

171 3873 317 3918 cartulaire
326 3874 356 3919 de
369 3873 463 3934 l’dgllse
474 3874 592 3925 d’Auluu,
606 3878 624 3919 t.
642 3875 661 3919 1.
675 3875 796 3924 l‘reuves.
812 3888 839 3932 p.
860 3885 895 3927 22,
909 3876 952 3927 35).
968 3875 1006 3919 cl.
1024 3877 1178 3918 Smenouos.
1197 3873 1233 3916 Le

167 3952 271 4014 Rr'gime
279 3953 362 4009 leodal
372 3967 402 3999 en
413 3954 573 4015 Bourgogne,
584 3967 609 4011 p.
622 3956 661 3999 156
672 3958 697 3999 et
707 3957 768 3998 note
780 3955 805 4009 35
818 3954 979 4004 romans,
992 3967 1016 3996 o.
1027 3965 1062 4008 c.,
1075 3966 1102 4010 p.
1114 3954 1155 3997 338
1164 3965 1203 4009 sq.

172 4058 175 4063 ’
194 4052 215 4095 3.
231 4065 244 4094 ι
256 4052 313 4109 lpse
328 4065 440 4108 namque
453 4053 579 4110 quamdiu
592 4053 667 4106 vixit,
678 4052 771 4097 Grrolo
786 4053 839 4109 regi
848 4064 950 4108 semper
960 4051 1043 4096 fidelis
1053 4050 1163 4106 exstitit,
1173 4064 1185 4094 »
1195 4051 1231 4095 ita

168 4130 236 4175 dixit
245 4131 278 4175 de
290 4131 417 4176 lliclrardo
429 4133 444 4176 J
447 4131 603 4177 nstilicutorc
618 4132 739 4177 Clrronici
749 4132 831 4176 saneti
840 4132 944 4187 benigni
957 4133 1068 4188 scriptor
1075 4133 1112 4188 (p.
1123 4132 1181 4184 min
1197 4133 1232 4175 et-

168 4209 239 4253 enim
253 4209 346 4254 Carolo
359 4209 475 4267 Simplici
491 4223 551 4254 eum
562 4210 677 4254 adfuisse
690 4210 810 4254 videmus
829 4210 901 4253 velut
920 4209 1061 4266 quemdam
1082 4209 1231 4253 ministrum

169 4288 267 4346 palatii,
283 4289 431 4341 Vermeriae,
444 4290 538 4343 Remis,
560 4291 662 4346 Trecas,
685 4290 811 4335 Gundulli
822 4290 891 4343 villa,
910 4292 957 4334 etc.
973 4290 1231 4343 (Poui›anu1s‚o.e..

167 4380 192 4425 p.
206 4369 311 4426 336335).

194 4468 217 4522 l.
235 4467 290 4512 Rex
306 4467 329 4511 ci
352 4466 476 4512 ducatum
499 4467 613 4513 Franciae
634 4467 764 4524 delegavit
783 4480 940 4525 omnemque
960 4467 1138 4524 Burgundiam
1148 4467 1230 4525 ipsius

167 4548 267 4593 ditione
279 4548 414 4593 subiecit...
432 4547 582 4604 Burgundia
593 4560 698 4604 quoque
713 4550 740 4592 et
752 4548 893 4605 Aquitania
905 4547 1009 4605 Ilugoni
1022 4549 1118 4593 dantur
1129 4549 1162 4592 ab
1173 4549 1230 4606 ipso

168 4628 330 4681 (anoaam
343 4628 409 4673 rina.
422 4628 465 4673 SS.
476 4627 519 4682 111,
532 4641 557 4686 p.
571 4629 618 4683 390,
630 4611 686 4684 lin).
