3082 5446
689 570 830 624 ..55-

227 701 339 792 Hugo
364 700 417 769 ΙΙΙ
443 698 544 770 filius
569 698 792 790 longinquis
821 698 862 768 in
890 697 1014 784 terris
1035 706 1079 767 ut
1106 718 1290 790 proavus

228 816 316 907 Tyri
330 825 506 886 mortuus
525 823 612 885 est¹.

276 932 399 1001 Immo
414 933 513 1001 inter
525 953 659 1001 omnes
670 952 690 999 e
700 930 911 1022 Capetiana
925 930 1043 1022 stirpe
1052 929 1183 1017 duces,
1192 951 1294 999 unus

227 1048 281 1117 ita
299 1049 441 1140 pietate
463 1048 624 1116 eminuit
648 1056 691 1116 ut
719 1068 831 1139 paene
857 1055 1013 1116 sanctus
1036 1068 1170 1116 revera
1188 1046 1293 1116 vide·

227 1172 344 1233 retur.
366 1163 526 1232 Roberti
545 1163 562 1232 l
581 1184 704 1255 nepos
733 1170 770 1231 et
796 1162 919 1247 heres,
941 1161 1053 1250 Hugo
1079 1162 1095 1231 Ι
1119 1161 1191 1231 luit
1210 1162 1293 1254 qui·

227 1278 316 1348 dem
331 1279 524 1367 comitate,
534 1279 691 1370 pietate,
699 1277 850 1368 justitia
858 1277 1033 1366 insignis,
1046 1278 1192 1366 ingenti
1205 1299 1293 1369 pro·

227 1394 346 1464 bitate
377 1393 542 1486 pellem,
567 1417 587 1463 «
613 1393 835 1484 irreligiosis
868 1402 998 1463 autem
1026 1403 1064 1462 et
1096 1392 1294 1482 exlegibus

226 1509 407 1580 terribilis
448 1518 491 1579 ut
528 1509 656 1598 fulgur
693 1532 713 1579 »
731 1523 755 1579 ¹.
795 1508 1064 1578 Praetendebat
1096 1507 1252 1578 titulum
1283 1529 1291 1577 :

228 1625 354 1714 «Ego
384 1625 496 1714 Hugo
527 1624 576 1694 ad
602 1624 796 1699 Ducatum
821 1624 1054 1713 Burgundiae
1083 1623 1295 1714 regendum

227 1739 385 1810 domino
405 1741 561 1810 vivente
581 1740 814 1810 constitutus
828 1763 848 1809 »
859 1741 882 1808 ³.
896 1738 941 1809 ln
959 1761 1101 1828 magno
1117 1738 1293 1829 Augusto

228 1856 391 1925 dunensi
407 1854 571 1925 concillo
586 1856 678 1929 anni
693 1853 785 1949 1076
797 1856 986 1925 maximas
996 1864 1127 1948 partes
1136 1852 1291 1942 tenuit⁴‚

229 2105 289 2160 1144,
312 2117 374 2148 avec
395 2106 460 2148 15000
479 2105 605 2154 hommes,
629 2116 663 2148 au
684 2116 790 2148 secours
807 2103 975 2160 d'Alphonse,
992 2104 1031 2147 roi
1050 2104 1081 2147 de
1095 2103 1227 2159 Portugal,
1245 2115 1294 2148 son

228 2185 320 2228 cousin
330 2198 335 2237 ;
346 2184 364 2228 il
374 2184 452 2228 battit
463 2185 499 2228 les
509 2185 649 2238 Sarranus,
658 2188 683 2228 et
693 2188 812 2240 emporta
822 2196 868 2228 sur
879 2196 931 2228 eux
944 2184 1082 2237 Lisbonnc,
1091 2181 1166 2240 apris
1177 2196 1213 2227 un
1225 2181 1294 2239 siege

229 2264 358 2321 opiniaitre
372 2278 384 2308 »
399 2264 496 2318 (Descr.
507 2264 540 2308 du
553 2263 630 2309 ductii
642 2265 672 2309 de
684 2264 844 2323 Bourgogne,
858 2267 877 2308 t.
891 2277 907 2319 r,
918 2277 945 2320 p.
959 2266 1065 2320 radmp.)
1079 2265 1114 2308 De
1136 2264 1185 2308 hoc
1202 2265 1294 2308 itinere

229 2343 293 2388 nihil
306 2344 455 2388 invenimus
470 2345 496 2389 in
510 2344 681 2389 documentis.
695 2356 780 2400 neque
793 2344 863 2400 apud
874 2344 1021 2399 llounusun,
1034 2356 1119 2400 neque
1130 2344 1200 2400 apud
1211 2344 1293 2388 Pras-

230 2434 313 2477 cuun3
334 2425 440 2468 videtur
458 2425 528 2468 enirn
549 2424 694 2480 Courtepee
716 2425 743 2468 in
762 2423 892 2480 duplicem
910 2436 1024 2467 errorem
1037 2424 1160 2468 cecidisse
1182 2425 1249 2477 (Ari.
1265 2424 1295 2468 de

232 2503 331 2554 oe'ririer
342 2503 377 2548 les
389 2504 466 2558 dates,
477 2507 497 2552 t.
514 2504 545 2560 Il,
558 2517 583 2560 p.
596 2506 653 2556 501).

255 2605 275 2637 1.
294 2593 379 2638 Puris.
394 2593 506 2638 Histoire
520 2593 562 2637 des
574 2592 639 2637 Duce
649 2592 778 2649 capitione,
788 2596 809 2636 t.
825 2593 868 2643 ΙΙΙ,
879 2606 905 2650 p,
919 2593 952 2650 37,
968 2605 994 2649 7⁰
1006 2597 1032 2638 ct
1042 2605 1081 2650 sq.

230 2715 233 2719 .
256 2695 278 2730 2.
297 2682 365 2728 Onu.
378 2682 469 2727 Virri.
485 2682 549 2726 Hist.
564 2682 622 2729 eccl.
639 2683 756 2737 X111,15;
774 2681 829 2737 Vll,
849 2695 870 2726 r.
886 2706 911 2715 -
924 2683 1002 2745 Anno
1012 2682 1044 2727 ab
1056 2682 1233 2727 incarnatione
1246 2683 1295 2726 Do·

230 2763 294 2806 mini
308 2765 384 2818 1076...
399 2763 459 2806 Dux
472 2763 547 2819 llugo
563 2763 627 2820 J'usti
643 2766 722 2807 tenax
740 2763 893 2818 Burgundiae
912 2766 1019 2819 preerat
1037 2763 1167 2814 (Huoorus
1184 2764 1293 2808 Fmvm.

230 2842 297 2887 Hist.
312 2843 355 2887 SS.
369 2843 436 2898 vlu,
449 2856 473 2899 p.
486 2844 544 2898 415).
557 2867 584 2875 -
597 2843 646 2887 t'bi
657 2846 719 2886 sunt
729 2843 774 2898 qui
785 2855 832 2898 pro
840 2842 942 2899 justitia
955 2846 981 2886 et
994 2844 1103 2887 veritate
1116 2856 1169 2886 non
1184 2844 1293 2889 timeant

228 2927 340 2966 mortem
351 2923 439 2967 subire
448 2922 587 2975 (Ganoonn
601 2922 646 2966 Vll
658 2921 747 2978 Epist,
760 2922 793 2965 ad
803 2921 941 2978 Hugonem
952 2922 1153 2966 cluniacensem.
1165 2923 1214 2967 HF.
1228 2923 1294 2980 XIV,

229 3003 288 3054 628).
304 3026 331 3035 -
343 3003 490 3047 Piissimum
506 3003 722 3060 Burgundionum
739 3001 833 3045 ducem
843 3001 980 3057 Hugonem
991 3003 1131 3061 (Agunonis
1143 3003 1296 3060 augustodu·

230 3083 312 3126 nensis
340 3084 445 3139 episcopi
472 3083 560 3127 charta
581 3083 652 3140 apud
674 3095 707 3126 ns
729 3080 894 3137 dulmense,
924 3081 1067 3126 Cortuluire
1097 3081 1215 3138 d'Autun,
1235 3086 1253 3127 t.
1275 3083 1294 3138 1,

234 3173 261 3206 ι’·
275 3164 366 3219 partie,
379 3162 419 3206 Pr.
433 3164 477 3218 io).

257 3252 279 3296 3.
295 3251 379 3302 Puris,
395 3254 415 3299 t.
429 3252 447 3296 1.
460 3254 497 3295 l‘r.
508 3253 541 3296 50.

259 3341 279 3396 4.
295 3340 373 3398 Quod
395 3341 422 3384 in
441 3342 579 3385 concilium
598 3354 610 3384 c
629 3345 809 3386 convenerunt
826 3354 859 3385 ex
881 3342 984 3385 Francia
1001 3344 1027 3385 et
1048 3342 1200 3398 Burgundia
1219 3344 1295 3387 multi

230 3420 347 3465 illustres
360 3421 416 3476 viri,
427 3422 540 3479 episcopi
554 3426 580 3466 et
592 3422 684 3477 clerici,
698 3422 806 3466 abbates
823 3426 849 3466 et
867 3423 989 3466 monachi
1006 3423 1202 3478 quamplures...
1218 3424 1295 3480 juxta

229 3500 353 3544 mandata
364 3502 532 3557 apostolica...
545 3514 654 3546 assensu
672 3505 699 3546 et
715 3502 791 3545 laude
812 3501 929 3557 Hugonis
942 3501 1025 3545 ducis.
1035 3539 1052 3548 ‚.
1071 3502 1190 3546 Pontifex
1206 3503 1296 3559 Lingo-

232 3581 321 3624 nensis
338 3584 364 3625 et
381 3582 435 3625 dux
452 3593 565 3638 quorum
582 3585 637 3626 erat
656 3582 726 3626 istud
739 3582 886 3638 prospicere
898 3582 1072 3625 intererant.»
1091 3581 1206 3635 ¹laneum,
1220 3587 1296 3626 antea

233 3660 306 3718 prior
323 3660 391 3705 Casae
404 3661 458 3714 Dei,
471 3661 557 3705 Sancti
570 3661 678 3717 Bcnigni
689 3661 769 3706 abbas
779 3661 850 3705 haud
862 3661 935 3706 facile
944 3662 1027 3705 lactus
1039 3665 1090 3712 est;
1104 3662 1191 3718 itaque
1204 3645 1295 3719 Lingo-

234 3741 323 3785 nensis
332 3741 479 3798 episcopus,
490 3743 535 3799 qui
548 3742 586 3785 illi
598 3741 710 3796 larebat,
730 3755 742 3785 c
754 3742 892 3797 Hugonem
905 3742 997 3785 ducem
1015 3742 1064 3786 sibi
1082 3743 1191 3786 sociavit
1203 3743 1230 3787 in
1240 3754 1295 3798 pre·

235 3821 317 3876 cibus,
329 3825 359 3866 ut
370 3822 427 3879 ejus
440 3827 584 3867 mereretur
596 3822 699 3866 bonitas
712 3823 784 3878 quod
801 3835 828 3866 se
846 3834 929 3879 perse
942 3834 1018 3879 posse
1030 3821 1165 3866 diffidebat
1177 3835 1189 3865 t
1200 3823 1296 3876 (Huco-

229 3913 271 3946 urs
286 3901 394 3949 rervm.
413 3901 507 3949 Chron.
529 3901 575 3949 SS,
593 3901 657 3956 Vlll,
677 3914 702 3958 p.
720 3903 827 3957 415·416).
842 3925 869 3934 -
891 3900 1034 3945 Concilium
1055 3902 1295 3957 Augustodunensc

232 3981 375 4026 tumultum
387 3982 527 4037 quemdam
537 3982 713 4026 concitaverat
725 3994 772 4038 per
782 3984 864 4025 totam
875 3981 1020 4037 regionem
1031 3981 1112 4025 immo
1131 3981 1176 4025 ubi
1194 3982 1295 4026 nuntia·

230 4065 288 4105 tum
302 4065 343 4105 est
353 4061 445 4105 ducem
456 4061 757 4118 Burgundiaeventurnm
765 4073 829 4114 esse,
836 4060 964 4116 nonnulli,
971 4064 1000 4104 ut
1008 4061 1157 4118 Raynaldus
1166 4062 1197 4105 de
1206 4062 1295 4106 Monte

231 4141 313 4185 sancti
331 4141 462 4193 lobannis,
481 4141 591 4185 ecclesiae
610 4141 793 4194 Augustuduni
811 4144 904 4197 sponte
917 4142 1035 4197 quaedam
1054 4142 1151 4198 injuste
1171 4142 1295 4198 subrepta

229 4221 409 4265 restituerunt.
422 4205 565 4265 Constabat
575 4234 587 4264 c
598 4220 695 4264 multos
705 4220 844 4264 obtimates
855 4220 901 4264 sed
911 4223 937 4264 et
947 4221 1000 4264 scre
1011 4221 1095 4264 tocius
1105 4221 1218 4277 regionis
1226 4223 1295 4278 prin·

227 4302 297 4358 cipes
316 4302 387 4357 apud
404 4301 620 4356 Augustidunum
640 4301 792 4344 interesse...
808 4300 1007 4357 piissimumque
1020 4301 1237 4357 Burgundionum
1250 4302 1296 4345 du·

195 4399 199 4408 ·
230 4392 286 4425 cem
300 4381 397 4425 scilicet
409 4381 546 4436 Hugonem
560 4363 711 4424 catervatim
724 4380 876 4424 adiuturum
889 4394 900 4422 n
913 4380 961 4435 (De
972 4380 1134 4425 Cuauuassr.
1151 4380 1295 4425 Cartuioirc

229 4461 353 4516 daran,
370 4464 388 4505 t.
403 4461 421 4504 1.
448 4461 510 4504 Pars
523 4461 541 4514 1,
560 4463 598 4504 l‘r.
622 4473 656 4516 27,
678 4462 723 4515 40).
745 4460 822 4516 Hugo
839 4461 909 4504 enim
927 4461 998 4505 venit
1017 4461 1095 4504 simul
1115 4464 1195 4518 atque
1216 4463 1296 4526 frater

230 4541 290 4588 Odo
305 4541 351 4599 qui
365 4542 389 4585 ei
403 4545 494 4598 postea
507 4542 640 4589 successit.
