3082 5446
727 1008 780 1078 ΙΙΙ

267 1286 377 1357 Patet
411 1286 521 1356 initio
540 1286 735 1357 undecimi
768 1286 888 1357 seculi
911 1286 1165 1357 successionis
1185 1286 1284 1356 ordi-

219 1424 309 1472 nem
354 1401 561 1495 ancipitem
600 1402 745 1490 suisse3
786 1402 1036 1473 dubitabatur
1068 1412 1198 1472 utrum
1232 1402 1282 1473 ad

218 1517 480 1588 haereditatem
506 1527 573 1588 aut
596 1518 646 1588 ad
666 1519 894 1589 electionem
908 1517 1125 1589 referretur.
1149 1518 1281 1588 Nonne

219 1634 259 1703 in
298 1634 475 1719 Francia,
515 1643 558 1703 ut
595 1634 772 1727 exemplo
805 1643 904 1721 utar,
940 1633 1101 1724 lingone
1121 1633 1282 1704 Roberti

218 1749 276 1819 Pii
303 1748 383 1819 lilio
411 1759 580 1836 mortuo,
611 1749 774 1819 dubium
805 1749 877 1819 suit
913 1759 1045 1820 utrum
1076 1748 1126 1819 ad
1152 1749 1284 1819 Henri-

218 1886 305 1936 cum
332 1866 399 1958 qui
428 1875 565 1957 postea
597 1887 664 1935 rex
692 1866 776 1954 luit,
813 1888 864 1936 an
897 1865 947 1935 ad
972 1866 1185 1936 Robertum
1214 1867 1281 1959 qui

216 1982 448 2072 Burgundiae
493 1981 571 2051 dux
614 1981 739 2052 sactus
783 1992 841 2052 est
882 2005 1044 2073 regnum
1091 1982 1280 2053 conferre·

216 2108 279 2169 tur
299 2096 344 2166 ¹?
390 2097 509 2190 Apud
551 2097 846 2188 Burgundiones
880 2098 945 2190 jus
993 2098 1161 2185 lirmim,
1200 2121 1281 2167 non

216 2223 347 2283 tamen
384 2214 465 2283 sine
507 2213 714 2282 certamine
756 2214 976 2284 institutum
1015 2216 1132 2283 l'uissc
1174 2214 1279 2284 vide·

216 2337 291 2415 tur,
325 2338 363 2398 et
390 2338 596 2421 propterea
623 2330 728 2421 quod
755 2331 964 2400 auctoritas
989 2332 1071 2399 siue
1094 2330 1172 2399 ulla
1195 2352 1278 2422 per·

215 2446 433 2517 turbatione
470 2454 509 2515 ct
547 2445 658 2537 quasi
701 2455 839 2537 sponte
869 2468 938 2515 sua
971 2456 1060 2538 post
1092 2446 1278 2539 cujusque

215 2563 323 2633 ducis
359 2572 525 2632 mortem
561 2563 909 2649 transmittebatur,
941 2574 1032 2633 tunc
1071 2562 1133 2633 ille
1166 2564 1278 2655 quasi

215 2679 440 2749 adulescens
460 2678 623 2749 ducatus
644 2679 907 2749 matru’itatem
935 2679 1146 2772 quamdam
1172 2701 1278 2749 acce-

213 2795 284 2887 pit.

262 2911 452 2981 Robertus
472 2911 487 2980 l
510 2911 559 2981 ab
579 2910 750 2981 Hellade
771 2911 973 2981 Sinemuro
990 2922 1158 3003 quatuor
1177 2909 1278 2981 filios

215 3036 432 3119 acceperat:
451 3026 667 3116 Hugonem,
681 3026 903 3114 llenricum,
915 3026 1142 3113 llobertum,
1155 3027 1277 3095 Simo-

213 3164 432 3235 nemque‚e
455 3142 596 3235 quibus
625 3142 737 3233 Ilugo
759 3152 924 3213 mortem
945 3143 1042 3213 obiit
1067 3151 1278 3235 postquam

214 3256 335 3327 filium
353 3258 503 3327 nullum
522 3257 670 3329 halmit.

262 3374 451 3443 llenricus
485 3374 602 3444 ctiam
635 3384 723 3443 ante
754 3385 904 3466 patrem
935 3385 1112 3445 mortuus
1140 3384 1212 3459 est,
1239 3384 1279 3444 at

214 3488 386 3582 quinque
409 3488 508 3559 lilios
530 3490 684 3582 reliquit
708 3514 715 3558 :
738 3490 953 3579 llugonem,
977 3491 1170 3576 odonem,
1202 3490 1277 3559 Ro-

212 3603 379 3692 bertum‚
396 3605 627 3695 Renaldum‚
650 3600 893 3676 llenricum'.
914 3606 1105 3676 Robertus
1126 3606 1141 3675 l
1160 3627 1277 3697 nepo·

241 3890 261 3922 1.
277 3878 398 3923 Prrsrun.
411 3860 505 3923 Iliades
515 3890 560 3922 sur
570 3877 592 3922 lc
604 3874 681 3937 rigni·
693 3877 723 3922 dc
736 3878 826 3922 Robert
839 3877 862 3922 le
876 3878 963 3936 Pinax,
973 3892 1001 3937 p.
1014 3881 1083 3936 5673.
1093 3903 1119 3913 -
1133 3879 1275 3923 Lustratur.

211 3958 323 4003 Histoire
336 3958 378 4003 des
391 3958 549 4003 Institutione
561 3959 752 4015 ritorrorcttians
764 3958 794 4003 dc
810 3958 834 4002 la
846 3958 944 4003 Fratue
955 3972 1013 4003 sous
1026 3960 1060 4003 les
1068 3960 1192 4016 pretulero·
1204 3956 1279 4016 Copi-

212 4039 284 4095 tirns,
296 4043 317 4088 t.
331 4038 350 4095 l,
361 4052 387 4097 p.
401 4042 435 4095 67.

238 4160 259 4191 a.
278 4146 453 4191 Rodbcrtus...
467 4147 592 4191 ducatum
604 4148 761 4203 llurgundiae
773 4146 872 4199 habuit,
887 4151 910 4192 et
925 4151 977 4192 tres
989 4148 1057 4192 lilios
1073 4149 1163 4203 perluit
1174 4161 1179 4192 ι
1190 4148 1279 4192 llenri-

212 4238 281 4281 cum,
293 4226 456 4271 liudbertum
466 4230 492 4271 et
505 4226 648 4276 Simonem.
662 4227 787 4271 llenricus
801 4240 872 4281 vero,
890 4228 935 4283 qui
952 4229 1141 4285 primogenitus
1153 4232 1216 4279 erat,
1229 4228 1280 4272 llu-

210 4318 308 4362 gonern
319 4309 344 4351 ct
358 4306 479 4351 Odouern
491 4308 580 4363 genuit
591 4321 597 4361 3
609 4308 655 4351 sed
664 4311 723 4351 anto
735 4310 837 4365 patrem
849 4320 926 4352 suum
939 4308 1002 4352 obiit
1014 4310 1095 4362 (Ouo,
1108 4306 1197 4353 l'rrsr„
1208 4308 1275 4356 llist.

210 4384 282 4443 ecci,
294 4385 351 4439 vlt,
365 4389 395 4437 1).
412 4410 436 4418 -
449 4386 556 4430 Roberti
568 4386 578 4429 l
590 4386 673 4430 lilium
686 4389 750 4430 natu
762 4388 914 4441 inanimum,
931 4387 1068 4444 Ilugonem
1085 4388 1198 4443 nominc,
1215 4389 1278 4432 omi·

210 4466 246 4511 sit
264 4465 405 4510 Orderlcus
423 4465 524 4520 vitalis,
538 4466 584 4510 sed
603 4467 660 4523 ejus
679 4467 838 4510 inertiorem
851 4468 947 4511 iaciunt
961 4467 1193 4511 autissiodorensia
1206 4467 1278 4511 ebro·

210 4546 268 4590 nica
279 4545 320 4599 (Η.
331 4546 372 4600 F„
384 4546 428 4603 xl,
440 4548 498 4601 299).
517 4546 595 4602 Quod
606 4548 639 4590 ad
657 4550 757 4591 ceteros
776 4547 880 4591 llcnrici
893 4548 961 4591 lilios
982 4548 1091 4602 adtinet,
1110 4560 1178 4604 quos
1190 4547 1278 4592 omisit

211 4638 317 4684 quoque
334 4626 479 4682 Angligeun
491 4626 771 4683 historicus,eosi11rra
783 4639 888 4672 cernere
898 4627 971 4672 licet:
984 4627 1127 4672 Robertum
1134 4628 1278 4684 Lingonen·
