3082 5446
325 1282 556 1373 Burgundiae
588 1281 719 1370 duces,
754 1289 797 1350 ut
827 1279 1005 1351 vassallis
1043 1280 1120 1350 iere
1155 1277 1347 1349 omniasi-

276 1398 418 1486 nend0‚
445 1398 498 1468 ita
532 1420 620 1467 curn
649 1396 804 1487 regibus
831 1395 1041 1488 prudenter
1064 1394 1213 1485 agendo
1241 1403 1344 1464 tran-

278 1513 511 1607 quillitatem
529 1513 793 1583 obtinuerunt.

326 1630 478 1699 Scilicet
490 1651 570 1699 non
582 1628 728 1698 eisdem
740 1627 991 1698 affinitatibus
1000 1627 1135 1720 juncta
1150 1635 1344 1697 eratnova

277 1744 415 1815 domus
453 1744 601 1814 ducalis
635 1767 724 1814 curn
760 1744 915 1834 regibus
944 1743 1155 1837 capetianae
1196 1742 1341 1834 stirpiS,

277 1861 418 1953 quibus
440 1870 551 1931 antea
567 1860 690 1930 ultimi
712 1859 894 1930 Richardi
913 1858 1182 1929 Justilicatoris
1198 1879 1344 1928 succes·

279 1998 384 2046 sores
427 1998 516 2046 cum
559 1976 686 2045 Caroli
719 1976 848 2065 Magni
880 1974 1087 2067 postremis
1120 1973 1339 2043 heredibus,

277 2092 464 2162 Henricus
493 2093 509 2162 l
542 2114 623 2178 rex,
657 2113 744 2160 cum
776 2091 933 2160 fratrem
961 2090 1173 2160 Robertum
1198 2089 1342 2159 ducatu

276 2206 448 2296 donavit,
470 2229 550 2277 non
564 2208 879 2299 procurationem
893 2205 1125 2295 Burgundiae
1141 2204 1208 2275 sed
1223 2205 1343 2275 domi-

275 2323 384 2392 nium
409 2323 630 2393 tradiderat.
657 2323 778 2392 Immo
798 2343 999 2415 nunquam
1018 2320 1202 2391 ducatum
1220 2321 1341 2410 redigi

275 2461 390 2531 posse
424 2439 465 2508 in
495 2460 656 2528 regnum
689 2439 938 2528 cogitaverat,
973 2459 1065 2506 nam
1097 2436 1219 2507 tribus
1252 2447 1342 2529 post

277 2555 428 2642 seculiS,
447 2576 549 2649 anno
573 2553 678 2645 1364,
701 2552 896 2623 Johannes
915 2575 994 2640 rex,
1016 2575 1104 2621 cum
1118 2552 1341 2642 Burgundio

275 2671 316 2740 in
330 2671 624 2763 possessionem
641 2669 764 2757 venit,
785 2690 909 2738 cama
929 2690 968 2737 se
989 2669 1113 2760 accipi
1132 2667 1343 2738 declaravit

277 2808 297 2855 «
326 2786 411 2877 jure
438 2785 710 2877 proximitatis,
731 2806 811 2854 non
831 2785 977 2854 ratione
1005 2806 1158 2853 coronae
1185 2783 1286 2853 suae¹
1305 2806 1339 2854 v.

277 2901 462 2972 Attamen
492 2922 684 2971 summam
709 2901 861 2992 imperii
888 2900 1005 2970 duces
1033 2922 1112 2969 non
1140 2899 1339 2985 tenebant,

275 3017 343 3087 sed
380 3017 596 3087 hominium
624 3017 703 3104 regi
733 3025 916 3108 praestare
946 3014 1176 3085 debebant².
1206 3014 1341 3108 Itaque

274 3261 349 3302 aetute
362 3256 511 3300 invenimus
523 3257 653 3313 praecipue
666 3256 785 3311 Divione,
799 3257 880 3311 Belni,
893 3257 1020 3313 Avalone,
1039 3257 1163 3314 Argiliaci
1182 3257 1277 3314 (Peru,
1290 3261 1309 3303 t.
1321 3258 1342 3313 l,

273 3337 315 3382 Pr.
331 3347 366 3392 29,
378 3337 414 3391 35,
430 3337 464 3388 36,
478 3338 512 3386 51,
527 3337 579 3391 1343
593 3336 743 3385 Ducunsnn.
760 3337 872 3381 Histoire
884 3337 926 3381 des
938 3337 1013 3394 Daca,
1024 3337 1068 3386 Pr.
1083 3351 1109 3394 p.
1121 3340 1162 3394 πίῃ
1175 3338 1242 3386 Htst.
1265 3337 1340 3383 Vizel.

274 3417 304 3461 ub
325 3416 435 3461 Hucona
455 3416 606 3474 Prcmvrno,
620 3416 670 3461 loc.
686 3417 744 3470 cit.)
756 3441 781 3449 -
795 3417 903 3462 Ineunte
917 3421 1012 3474 quarto
1025 3419 1126 3464 decimo
1137 3419 1233 3473 seculo,
1247 3419 1342 3463 Rober·

273 3499 316 3540 tus
329 3496 352 3540 11
365 3497 421 3540 dux
433 3499 495 3540 tunc
507 3496 611 3541 ctiama
624 3499 738 3554 quatuor
750 3497 792 3541 vel
804 3497 920 3554 quinque
930 3498 1084 3542 consiliariis
1095 3501 1149 3543 tarn
1160 3498 1339 3544 ecclesiasticis

273 3588 353 3633 quam
365 3576 464 3621 clericis
475 3576 589 3634 adjutus,
600 3577 724 3622 ducatum
736 3577 906 3634 percurrebat
916 3581 946 3622 ut
956 3590 1049 3623 census
1061 3578 1185 3623 annuales
1196 3579 1340 3636 perciperet

273 3656 329 3712 ipse
343 3656 374 3708 (J.
386 3655 516 3700 Gannrun.
530 3656 702 3701 Introduction
717 3657 746 3701 de
759 3657 916 3701 l’Ineentaire
926 3657 968 3702 des
982 3659 1099 3702 Archiees
1118 3656 1340 3714 dipertementales

273 3734 303 3778 de
315 3733 340 3779 la
357 3734 494 3780 Coie-d’Or.
508 3737 621 3780 Archires
633 3736 723 3780 civiles.
737 3735 807 3781 serie
820 3737 847 3791 C,
859 3740 930 3782 tome
944 3737 975 3793 ΙΙ,
986 3751 1011 3794 p.
1024 3742 1054 3790 1).

300 3828 322 3863 1.
340 3815 454 3859 Joannes
473 3816 520 3860 Dei
539 3816 622 3871 gratia
638 3816 799 3861 Francorum
816 3817 878 3861 Rex.
891 3818 989 3862 Notum
1005 3818 1115 3863 iacimus
1131 3831 1179 3876 per
1188 3823 1338 3876 praesentes,

273 3899 327 3940 tarn
338 3895 511 3951 praesentibus
524 3908 604 3951 quam
614 3896 717 3950 futuris,
738 3898 810 3953 quod
827 3909 886 3941 cum
905 3909 990 3953 nuper
1002 3909 1048 3953 per
1065 3903 1177 3944 mortem
1191 3900 1338 3944 charissimi

272 3975 318 4020 lilii
328 3977 411 4020 nostri
424 3976 534 4032 Philippi
554 3976 633 4021 Ducis
653 3977 817 4034 Burgundiae,
829 3978 944 4022 llncatus
960 3978 1110 4035 Burgundie
1122 3993 1182 4024 curu
1196 3981 1301 4038 juribus
1311 3984 1338 4025 ct

272 4056 436 4112 pertinentiis
456 4056 586 4100 universis
606 4057 681 4101 nobis
703 4057 729 4100 in
749 4057 862 4102 solidum
875 4059 931 4114 jure
953 4059 1138 4115 proximitatis,
1160 4073 1214 4104 non
1237 4061 1337 4105 ratione

272 4147 368 4180 corone
382 4140 471 4180 nostre
484 4137 596 4190 debitus,
610 4137 643 4180 ad
655 4150 702 4181 uos
716 4138 793 4181 luerit
806 4137 954 4191 devolutus,
970 4141 995 4182 ct
1013 4139 1039 4181 in
1051 4152 1099 4183 nos
1106 4140 1165 4196 J'ure
1176 4141 1337 4185 successorio

273 4215 424 4270 translatus,
437 4228 466 4259 ac
478 4228 493 4259 a
505 4216 582 4259 uoltis
599 4219 725 4274 tanquam
743 4222 832 4261 noster
850 4221 1023 4274 acceptatns...
1043 4218 1082 4273 (1).
1101 4219 1247 4276 Punncnun,
1266 4223 1285 4264 t.
1305 4220 1337 4276 11,

272 4297 314 4341 Pr.
326 4297 382 4349 312).
396 4296 435 4342 ct.
449 4297 601 4347 Fnorssnnr,
616 4296 633 4351 1,
648 4299 700 4341 150:
714 4311 725 4340 c
739 4298 772 4341 Le
783 4298 821 4341 roi
835 4298 867 4341 de
878 4298 974 4341 France
984 4311 1032 4354 par
1044 4297 1210 4355 proclrainete
1220 4301 1299 4344 retiut
1311 4304 1337 4345 et

272 4376 325 4434 prit
337 4376 360 4419 le
373 4374 456 4420 duche'
467 4376 498 4420 dc
509 4376 671 4432 Bourgogne.
685 4390 696 4419 »

299 4469 322 4504 a.
340 4456 400 4499 Dux
413 4455 634 4512 Burgundiorum,
653 4461 679 4500 et
698 4456 773 4500 multi
787 4456 830 4500 alii
847 4457 967 4502 consules
980 4459 1024 4516 qui
1038 4462 1100 4503 sunt
1111 4459 1160 4502 sub
1180 4459 1247 4516 Rege
1259 4460 1337 4504 Fran·

273 4549 364 4580 corum
382 4535 486 4591 (Chron.
507 4535 535 4579 S.
561 4536 631 4581 Petri
653 4537 698 4580 civi
719 4538 871 4592 senonensis,
889 4542 958 4586 auct.
984 4539 1073 4592 Clario,
1103 4552 1162 4582 anu.
1185 4552 1245 4593 1109.
1265 4540 1333 4588 Bibl.

272 4617 330 4660 hist.
343 4615 373 4660 dc
384 4615 497 4667 l’Yonnr,
515 4619 535 4659 t.
556 4616 587 4670 ll,
611 4629 635 4672 p.
653 4618 710 4671 517).
723 4641 748 4648 -
760 4616 857 4660 Notum
870 4621 910 4660 est
927 4619 1056 4675 majestati
1070 4623 1170 4674 vcstnr,
1183 4620 1255 4676 qnod
1267 4618 1336 4664 filius
