3082 5446
696 619 836 675 ..10-

282 745 359 818 Nec
371 747 498 817 solum
508 748 691 840 praeclare
702 758 874 820 rectacst
884 749 1106 841 Burgundia
1122 774 1145 822 a
1160 751 1299 822 Carolo

235 861 368 949 Calvo,
382 862 587 950 sedetiam,
600 863 851 935 Nortmannis
866 866 1185 958 irrumpentibus,
1197 890 1301 938 secu-

232 978 387 1048 ritatem
415 980 626 1071 quamdam
661 990 868 1051 consecuta
907 991 977 1054 est.
1012 983 1058 1052 In
1084 984 1213 1054 medio
1245 1005 1301 1053 rc-

234 1114 309 1183 gno
325 1094 410 1181 sita,
428 1095 653 1166 continebat
673 1095 797 1166 sontes
817 1106 855 1166 et
880 1099 1119 1190 superiorem
1147 1110 1299 1192 partem

232 1207 422 1300 Sequanae
443 1218 480 1278 et
499 1208 646 1297 Araris,
667 1233 737 1303 per
760 1234 847 1304 quae
867 1213 972 1283 viam
996 1214 1179 1305 indagare
1209 1215 1297 1285 bar-

233 1323 318 1393 bari
333 1333 525 1416 poterant.
549 1326 651 1396 Dum
662 1336 791 1398 autem
805 1327 1067 1417 NortmanniS,
1079 1340 1121 1401 ut
1137 1330 1186 1400 ad
1206 1330 1299 1401 Ara·

234 1440 287 1510 ris
310 1440 452 1510 vallem
470 1442 730 1533 pervenirent,
759 1443 1091 1516 obambulandum
1120 1456 1202 1517 erat
1231 1448 1299 1516 cir-

234 1577 323 1625 cum
340 1555 539 1650 Europam
548 1579 619 1650 per
631 1557 864 1629 Herculcum
873 1558 1026 1649 fretum,
1044 1561 1184 1632 deinde
1200 1562 1301 1632 Rho·

234 1671 326 1741 dani
354 1672 543 1764 impetum
570 1673 750 1744 lintribus
778 1675 946 1762 vincere,
970 1676 1179 1747 australem
1203 1677 1298 1748 Bur·

234 1787 387 1877 gundiae
405 1797 570 1880 partem,
596 1810 674 1881 qua
691 1788 868 1860 hostibus
896 1800 1036 1862 natura
1055 1793 1141 1886 ipsa
1174 1814 1297 1887 oppo-

233 1901 411 1990 nebatur,
441 1925 509 1972 rex
523 1904 711 1994 neglexit:
733 1904 847 1995 longe
860 1906 1298 2000 aliterseptentrionalcs

234 2017 382 2089 habuit.
412 2018 598 2106 Primum,
617 2041 719 2089 anno
739 2017 824 2107 852,
842 2018 1116 2112 NortmannOS,
1132 2045 1222 2093 cum
1236 2023 1299 2095 Se·

236 2155 374 2225 quanae
403 2134 508 2203 viam
526 2135 689 2225 ingressi
717 2145 807 2206 sunt
838 2136 887 2206 ad
916 2137 1243 2228 Augustodunum
1275 2161 1298 2209 a

235 2248 380 2338 Sydroc
401 2258 439 2319 et
459 2249 669 2320 Godeirido
690 2251 809 2338 ducti,
829 2251 1002 2340 Carolus,
1025 2254 1141 2324 fratre
1160 2254 1301 2326 Lotba-

234 2364 291 2433 rio
309 2364 370 2455 adj
377 2375 531 2454 uvante,
545 2366 753 2438 continuit¹
769 2392 777 2453 3
792 2368 942 2439 decimo
961 2379 1052 2461 post
1060 2391 1176 2458 armo,
1194 2371 1299 2440 viam

236 2478 374 2551 clausit
393 2481 565 2575 ommino,
583 2482 677 2552 dum
692 2484 854 2553 exstruit
873 2495 1042 2555 castrum
1051 2485 1245 2556 Pistensc¹
1262 2495 1299 2555 et

235 2595 373 2665 urbem
391 2597 629 2668 Parisiorum
648 2598 840 2670 moenibus
865 2600 1090 2689 circumdat,
1108 2623 1228 2694 qnam
1250 2601 1300 2670 le·

236 2711 360 2800 gimus
389 2712 495 2804 apud
517 2712 779 2785 Flodoardum
798 2724 978 2785 vocatam
997 2739 1080 2786 esse
1095 2741 1114 2787 «
1127 2727 1243 2809 caput
1261 2726 1299 2788 et

235 2826 436 2897 introitum
451 2826 639 2899 Neustriae
654 2839 691 2899 et
703 2828 971 2920 Burgundiae³.
994 2854 1014 2900 a

283 2941 371 3031 Quo
392 2965 438 3013 ex
457 2942 679 3035 adjumento
698 2945 931 3036 Burgundiae
949 2948 1183 3018 monasteria
1200 2970 1297 3041 prae·

235 3059 366 3129 sertim
402 3060 569 3130 fructum
609 3072 877 3154 perceperunt.
926 3063 1029 3133 Inter
1071 3063 1295 3150 clarissima,

235 3174 464 3265 praeclarum
504 3175 600 3246 illud
644 3178 921 3247 monasterium
964 3178 1095 3248 Sancti
1137 3178 1299 3269 Benigni

235 3288 494 3377 Divionensis,
512 3291 648 3383 quinto
664 3292 794 3362 seculo
821 3314 844 3362 a
864 3293 1050 3383 Gregorio
1066 3295 1299 3385 Lingonensi

237 3405 417 3497 episcopo
458 3406 674 3495 fundatum,
716 3408 901 3485 Ludovici
948 3409 1008 3479 Pii
1057 3432 1176 3499 regno
1215 3410 1298 3500 jam

236 3530 412 3608 exeunte,
447 3522 570 3612 magis
603 3523 644 3592 in
669 3525 751 3594 dies
774 3523 988 3594 labebatur.
1024 3525 1165 3596 Missus
1190 3526 1297 3595 Isaac

235 3633 486 3726 Lingonensis
497 3637 695 3708 abbatiam
707 3641 949 3725 restauravit3
964 3641 1087 3709 sancti
1101 3640 1298 3710 Benedicti

238 3751 415 3822 absoluta
431 3753 635 3846 disciplina
655 3754 703 3822 ad
719 3777 833 3824 usum
847 3766 1028 3825 revocata
1043 3765 1115 3842 cst,
1142 3777 1298 3848 quamo-

236 3867 345 3937 brem
378 3870 498 3938 crevit
531 3868 727 3939 celerrime
763 3870 1043 3940 monachorum
1071 3893 1254 3940 numerus
1269 3878 1294 3941 ⁴.

261 4171 282 4206 1,
298 4158 403 4218 Fragm.
414 4160 500 4204 chron.
512 4159 741 4205 Fontanetlensr'um
750 4161 804 4213 (SS.
817 4161 847 4216 Il,
860 4174 888 4218 p,
905 4162 963 4217 304).

261 4269 284 4300 n.
300 4258 411 4302 Annales
421 4257 571 4314 Bertiniam',
581 4258 614 4302 ad
626 4271 687 4303 ann.
700 4260 750 4306 8452,
762 4282 790 4291 -
801 4258 918 4316 Capttula
928 4260 1047 4316 pistensia
1060 4260 1183 4314 (Knausn,
1201 4272 1228 4316 p.
1243 4261 1298 4313 ³03).

261 4356 284 4402 3.
300 4356 450 4400 Fnoooauoi
462 4355 575 4401 Historia
589 4357 706 4400 remensis
718 4356 831 4408 ecclesiae,
843 4356 885 4412 IV,
897 4357 974 4409 offis,
985 4357 1052 4413 XIII,
1066 4371 1091 4416 p.
1103 4358 1161 4411 303).

259 4455 282 4510 4,
299 4453 437 4497 BasiIIcam
449 4455 532 4498 sancti
544 4454 653 4511 Benigui
665 4455 717 4498 iam
729 4467 795 4512 pene
808 4455 921 4499 dirutam
942 4455 968 4498 in
981 4456 1122 4512 pristinum
1136 4457 1234 4499 statum
1247 4468 1298 4499 res·

236 4534 360 4578 taur-avit.
400 4533 554 4578 onachicum
564 4535 682 4580 ordinem
695 4535 810 4579 restituit
820 4535 925 4588 (Chron.
941 4534 1055 4592 Benignr',
1068 4548 1094 4593 p.
1107 4537 1151 4592 97).
1164 4535 1201 4584 CI.
1215 4535 1298 4580 Caroli

240 4612 310 4658 Calvi
323 4613 449 4670 Diptoma,
461 4615 510 4670 870,
528 4624 553 4658 αι
570 4614 620 4672 jul.
638 4614 853 4670 :Monumentum
865 4616 910 4660 ubi
930 4620 1036 4661 sanctus
1055 4616 1187 4674 BenIgnus
1198 4619 1298 4673 martyr
