3082 5446
700 619 839 674 -14-

238 769 370 817 curam
384 746 614 834 tribuerunt,
638 747 744 840 quod
762 746 1050 816 arbitrabantur
1076 745 1307 836 dignitatem

240 862 381 932 laboris
397 885 479 932 esse
497 863 676 955 pretium.

285 977 400 1062 Boso,
429 978 583 1049 Buiviui
617 977 730 1064 filius
771 977 991 1047 Arduennae
1030 977 1196 1066 comitis,
1231 977 1305 1047 etsi

236 1091 459 1183 Burgundio
473 1093 631 1163 minime
646 1093 729 1177 suit,
747 1103 881 1162 contra
896 1115 1013 1186 quam
1033 1093 1100 1164 diu
1115 1092 1305 1164 creditum

236 1219 294 1279 est
308 1248 357 1262 —
376 1219 457 1280 erat
472 1208 576 1278 euim
590 1207 845 1299 Lotbaringus
861 1210 1061 1299 sanguine,
1078 1235 1128 1262 -·-
1142 1209 1303 1279 allinitu-

236 1324 341 1394 tibus
352 1335 481 1394 tamen
492 1334 529 1393 et
544 1324 856 1417 possessionibus
875 1325 1037 1395 rationis
1053 1324 1221 1394 babebat
1236 1323 1304 1393 ali·

237 1439 1301 1532 quidcumregioneintraRhodanumLigerimquesita'.

236 1555 372 1648 ltaque
405 1577 494 1625 cum
520 1555 637 1624 frater
670 1564 770 1624 esset
795 1565 832 1624 et
856 1556 1004 1644 legatus
1031 1554 1159 1625 Caroli
1194 1555 1303 1624 Calvi

237 1672 304 1762 qui
338 1692 511 1740 sororem
553 1670 635 1762 ejus
672 1670 890 1740 Ricbildam
930 1693 1091 1741 uxorem
1124 1670 1301 1758 duxerat,

237 1786 453 1878 imperandi
478 1786 605 1856 studio
621 1786 814 1869 incensuS,
831 1796 1042 1879 postquam
1062 1784 1304 1855 Ludovicum

236 1900 401 1971 Balbum
420 1900 645 1970 defunctum
666 1923 749 1970 esse
774 1902 920 1971 audivit
941 1901 1303 1993 successionemque

237 2017 301 2087 vix
314 2015 627 2086 adulescentibus
644 2016 862 2103 obvenisse,
877 2016 1109 2107 Burgundiae
1123 2016 1303 2106 regendae

237 2132 380 2224 incepit
399 2131 621 2201 incumbere
631 2130 655 2201 ¹.
671 2131 900 2201 Mantalensi
916 2142 1110 2202 conventu
1124 2129 1302 2226 (15men-

238 2248 289 2317 sis
301 2243 582 2341 octobris879),
595 2247 826 2337 Burgundiae
838 2247 1302 2341 episcopi,partimminis

237 2363 372 2448 territi,
393 2363 535 2456 partim
561 2362 772 2454 cupiditate
803 2362 932 2450 illecti,
959 2362 1134 2455 plerique
1172 2360 1304 2431 inlide-

236 2478 332 2549 lium
367 2489 473 2549 metu
506 2479 687 2569 exagitati
720 2476 1002 2563 assenserunt³,
1034 2487 1071 2547 et
1104 2487 1302 2570 petentem

239 2595 368 2687 ipsum
397 2603 647 2664 sacraverunt
673 2616 803 2684 regem
835 2593 1072 2680 inunctione,
1103 2593 1298 2663 dicentes:

239 2732 258 2778 a
274 2711 322 2780 Et
342 2709 588 2802 quoniam...
611 2719 691 2779 tam
709 2709 784 2801 ipsi
800 2709 922 2778 sancti
941 2717 1084 2800 patres,
1102 2731 1201 2801 quos
1217 2730 1301 2799 gra·

237 2825 291 2896 tia
311 2825 442 2895 divina
467 2825 671 2917 episcopos
690 2824 822 2894 vocari
842 2824 1044 2910 concessit,
1068 2846 1186 2916 quam
1200 2823 1302 2916 prin-

237 2942 342 3034 cipes
363 2950 399 3010 et
419 2949 545 3010 totum
559 2941 777 3031 vulgus....,
793 2939 936 3009 nullius
950 2939 1219 3031 compatientis
1234 2939 1302 3009 lul-

239 3057 441 3127 ciebantur
459 3055 521 3126 vel
541 3056 775 3126 iuvabantur
789 3055 954 3140 auxiliiS,
971 3054 1186 3147 praesertim
1212 3076 1301 3124 cum

236 3194 324 3262 rege
340 3173 536 3241 communi
555 3181 679 3241 morte
693 3180 850 3263 recepto
870 3170 999 3239 nullus
1018 3171 1135 3240 ineos
1148 3170 1301 3240 suavis-

237 3310 324 3357 cera
346 3310 417 3381 per
441 3287 617 3357 karitatis
647 3286 865 3377 largitatem
893 3284 1120 3372 extenderit,
1151 3286 1299 3355 anxiari

235 3403 446 3495 plurimum
464 3402 655 3496 compulsi
671 3410 773 3490 sunt,
786 3401 878 3494 quia
893 3423 973 3470 non
988 3401 1114 3470 solum
1127 3401 1168 3469 in
1183 3401 1298 3470 inter-

263 3627 282 3658 1.
296 3614 458 3658 Pouraamn.
473 3613 509 3658 Le
523 3613 646 3668 ltoyuume
658 3611 687 3656 de
700 3610 822 3656 Proeenee
834 3623 892 3655 sous
909 3609 944 3655 les
965 3607 1151 3668 Carolingiens,
1163 3622 1191 3666 p.
1206 3610 1247 3654 ³10
1259 3622 1298 3667 sq.

233 3718 260 3729 -
272 3694 337 3738 Vide
356 3694 426 3752 apud
446 3691 552 3738 Priusne
570 3692 678 3745 (Heeuet'l
696 3692 726 3736 de
743 3687 823 3748 pieees
842 3691 974 3741 cunienses,
992 3702 1017 3746 p.
1036 3691 1072 3744 25)
1092 3689 1202 3734 Eckardi
1217 3692 1298 3735 testa·

236 3778 363 3829 mentum,
385 3787 439 3830 quo
463 3774 571 3831 quidam
591 3772 709 3817 historici
730 3771 820 3815 conlisi
846 3771 968 3814 dicebant
988 3770 1118 3814 Bosonem
1136 3769 1219 3813 lilium
1241 3782 1299 3814 esse

237 3853 397 3910 Theoderici,
410 3853 658 3911 Augustodunensis
670 3852 782 3896 comitis.
804 3875 830 3883 -
847 3851 885 3895 De
897 3851 966 3894 veris
979 3849 1122 3903 originibus
1136 3848 1254 3901 Bosonts,
1265 3851 1297 3894 ct.

237 3935 398 3992 Pouraumn,
420 3947 458 3992 op.
475 3936 525 3990 eit,
538 3946 563 3990 p.
574 3933 599 3989 ἀι
611 3945 649 3990 sq.
660 3936 686 3976 et
705 3932 735 3980 E.
754 3932 913 3986 Bounouors,
925 3930 960 3974 Le
979 3928 1135 3986 Cupituleire
1152 3928 1182 3973 de
1198 3928 1298 3986 Kiersy,

235 4028 262 4072 r·
275 4015 347 4071 e1e3·

260 4125 282 4159 e.
299 4113 397 4158 Audita
407 4116 491 4158 morte
504 4111 635 4157 Ludowici
648 4110 807 4155 eProvintia
824 4108 955 4164 egreditur
966 4110 1101 4164 totamque
1120 4106 1299 4163 Burgundiam

235 4204 360 4250 occupare
373 4192 502 4248 nititur...,
512 4204 561 4249 pro
571 4191 652 4235 nihilo
666 4190 764 4235 ducens
777 4189 957 4234 adulescentes
967 4186 1035 4231 lilios
1047 4185 1178 4230 Ludowici
1188 4189 1214 4230 et
1226 4187 1299 4232 velut

235 4275 376 4330 degeneres
389 4273 535 4330 despiciens
545 4270 810 4327 (Rusrxorrstron,
823 4269 856 4314 ed
870 4281 931 4317 ann.
944 4269 1002 4324 859).

258 4372 281 4420 3.
304 4373 400 4418 Partim
425 4371 627 4417 comminatione
649 4370 805 4425 constrictis,
829 4367 925 4426 partim
945 4365 1088 4424 cupiditate
1107 4365 1196 4409 illectis
1217 4365 1294 4420 (Ann.

233 4449 315 4506 liert,
327 4453 361 4496 ad
373 4465 432 4497 ann.
444 4453 534 4509 879).-
546 4450 644 4496 Partim
654 4450 731 4495 minis
741 4450 837 4507 partim
846 4446 1012 4493 suasionibus
1021 4445 1173 4497 theomesis
1188 4443 1297 4502 Ceron,
1338 4456 1341 4462 ’

233 4531 266 4575 ed
278 4544 337 4576 ann.
349 4533 437 4589 879),-
448 4531 487 4576 Cf.
500 4531 641 4576 Conceptus
653 4529 823 4586 mantalensis,
831 4528 902 4586 opud
913 4527 1027 4578 Kancsu,
1038 4523 1196 4581 Capituloria
1209 4536 1298 4583 regum

233 4610 398 4668 Francorum,
408 4625 436 4670 p.
448 4612 547 4668 sessor).
