3082 5446
710 647 741 686 „⁴
762 645 797 700 54
817 678 848 689 -

247 774 386 845 deinde
415 775 509 845 dum
532 775 573 844 in
598 775 754 844 Terram
782 773 964 846 Sanctam
988 775 1257 868 peregrinatur
1280 786 1320 848 et

246 891 300 962 ibi
318 899 484 960 mortem
504 890 619 960 obit¹.

293 1007 494 1076 Postremo
514 1005 626 1096 Hugo
647 1005 695 1092 ll,
717 1005 826 1075 heres
846 1006 941 1098 ejuS,
964 1007 1005 1075 in
1027 1007 1232 1088 Galliciam
1243 1009 1318 1079 iter

246 1122 333 1192 fecit
348 1143 437 1190 cum
451 1121 566 1191 Petro
582 1121 723 1192 abbate
739 1121 998 1193 Divionensi¹.
1013 1122 1092 1192 Sub
1109 1124 1248 1195 Odone
1264 1125 1313 1212 ll,

246 1236 414 1307 secunda
433 1237 690 1307 transmarina
706 1237 900 1330 expeditio
916 1259 938 1307 a
958 1237 1101 1308 Sancto
1116 1238 1314 1308 Bernardo'

247 1353 426 1424 Vizeliaci
447 1353 489 1422 in
508 1352 732 1444 Burgundia
746 1353 993 1446 praedicatur,
1012 1362 1050 1423 et
1070 1354 1161 1446 quia
1175 1353 1314 1424 morbo

246 1469 443 1539 conlectus
466 1469 537 1538 iter
562 1468 722 1560 longum
751 1467 938 1538 conficere
968 1469 1117 1562 nequit,
1141 1468 1316 1560 Burgun-

246 1584 319 1655 diae
366 1584 444 1654 dux
489 1586 588 1655 inter
634 1584 834 1654 audientes
869 1607 950 1655 non
987 1585 1184 1656 invenitur
1199 1589 1223 1657 ³.
1264 1585 1318 1658 At

273 1894 294 1930 1.
312 1883 388 1941 Hugo
399 1883 459 1928 Dux
472 1884 623 1941 Burgundie
640 1883 710 1930 tilius
730 1885 832 1938 Odonls
849 1885 928 1930 Ducis
947 1885 975 1931 iu
995 1883 1230 1943 Hierosolymttano
1244 1895 1318 1929 exer·

245 1963 299 2009 citu
319 1965 415 2008 mortui
436 1964 560 2023 (Hugonie
577 1964 605 2009 11
616 1964 731 2022 Diploma
746 1966 817 2022 apud
830 1964 976 2019 Ducat-suu,
995 1965 1062 2012 Hlat.
1085 1965 1127 2009 dea
1146 1964 1222 2021 Duce,
1240 1965 1317 2009 Pren-

247 2056 302 2099 ves,
314 2057 341 2101 p.
357 2045 400 2100 34).
413 2068 439 2076 -
452 2044 510 2088 Duo
524 2044 667 2102 diplomata
677 2046 836 2090 exstiterunt
847 2045 949 2103 odonis
960 2046 971 2090 1
984 2045 1115 2102 quibusin
1124 2045 1229 2089 Terram
1240 2043 1317 2089 Sanc-

246 2128 304 2169 tum
320 2124 348 2168 se
365 2120 565 2181 progressurum
578 2138 635 2169 esse
645 2128 671 2169 et
681 2138 776 2182 magno
789 2126 886 2181 agmini
899 2126 1138 2183 crucesignatorum
1151 2125 1212 2168 anni
1224 2136 1273 2169 1101
1282 2108 1317 2169 ¹se

243 2205 398 2262 juncturum
411 2205 478 2249 dixit
488 2204 595 2254 (Notum
606 2206 640 2250 sit
652 2205 775 2249 omnibus
787 2205 892 2250 ecclesie
913 2209 1001 2250 sancto
1022 2204 1154 2261 fidelibus,
1169 2204 1316 2261 quod‘Odo

247 2284 396 2340 Burgundio
410 2284 470 2328 Dux
483 2284 744 2341 hierosolymitanum
757 2285 806 2328 iter
818 2297 877 2328 cum
892 2285 1009 2341 llugone,
1032 2285 1104 2328 tratri
1126 2285 1203 2339 regis,
1217 2288 1243 2328 et
1262 2285 1316 2329 Ste-

245 2343 333 2420 phano
365 2365 467 2418 comite,
495 2365 639 2422 ceterisque
665 2365 808 2410 Cristicolis
829 2367 913 2422 prima
937 2365 1098 2422 profectione
1120 2377 1312 2421 agressurus...

245 2443 333 2499 Pnrrr,
347 2448 366 2488 t.
389 2445 407 2499 1,
423 2445 609 2500 Preuves,1oe;
626 2445 747 2501 Piuaun,
760 2445 867 2499 Reeueil,
879 2458 906 2502 p.
926 2448 984 2498 noe).
1008 2439 1176 2502 Quapropter
1196 2445 1316 2502 plerique

246 2536 316 2579 cum,
327 2537 385 2568 cum
397 2525 503 2568 Ramam
516 2525 656 2578 obsideret,
676 2526 840 2569 interiectum
851 2537 908 2569 esse
921 2528 1027 2568 censent
1040 2525 1081 2568 vel
1092 2525 1164 2569 Tarsi
1178 2529 1316 2582 postquam

248 2604 401 2648 vulneratus
414 2608 481 2648 esset
489 2605 546 2654 (Art
559 2604 588 2647 de
601 2581 747 2660 ee'rister'tes
757 2604 835 2657 dotes,
848 2607 865 2648 t.
879 2605 934 2658 ΧΙΙ,
948 2617 974 2661 p.
992 2605 1096 2660 193·194;
1113 2604 1200 2654 Purrr,
1217 2608 1237 2649 t.
1255 2605 1273 2655 1,
1285 2618 1313 2662 p.

246 2682 355 2737 adp-affl).
369 2684 402 2726 m
420 2694 467 2726 nec
480 2681 626 2725 willelmus
639 2683 762 2738 Tyrensis
777 2694 824 2726 nec
837 2682 960 2726 Albertus
972 2683 1111 2738 Aquensis,
1129 2695 1178 2727 nec
1189 2664 1317 2728 transma-

248 2762 366 2805 rinorum
386 2762 513 2805 bellorum
533 2762 612 2805 ceteri
622 2762 762 2818 scriptores
775 2761 871 2818 quibus
882 2761 961 2805 fidere
975 2762 1091 2806 solemus
1103 2763 1165 2807 talia
1176 2763 1316 2807 contende·

247 2845 316 2886 runt.
330 2842 358 2885 In
369 2842 416 2886 hac
428 2854 503 2886 cruce
516 2843 676 2898 praefuerunt
686 2845 713 2886 et
723 2843 799 2886 occisi
810 2845 879 2896 sunt,
897 2846 927 2887 ut
941 2842 1047 2887 aliunde
1060 2847 1163 2888 constat
1173 2857 1185 2887 e
1196 2843 1236 2887 vir
1245 2843 1316 2888 illus·

246 2921 293 2966 tris
305 2926 331 2966 et
352 2921 504 2978 magnificus
526 2922 719 2966 Pictavensium
736 2934 823 2967 comes
845 2922 1005 2975 Willelmus,
1028 2923 1151 2980 idemque
1172 2923 1314 2980 Aquitania

247 3004 314 3055 dux;
327 3003 450 3047 dominus
470 3015 576 3059 quoque
593 3003 670 3058 Hugo
690 3003 809 3059 Magnus,
832 3003 945 3060 Philippi
963 3004 1030 3061 regis
1049 3004 1209 3048 Francorum
1226 3005 1314 3056 frater.

248 3084 341 3129 Comes
365 3083 661 3136 viromandensium...,
689 3083 812 3127 dominus
845 3094 952 3139 quoque
983 3084 1139 3141 Stephanus,
1159 3084 1314 3140 Burgundiae

247 3177 358 3209 comes»
384 3163 531 3216 (Wmuanm
550 3175 673 3207 rrannsrs
689 3163 865 3218 archiepiscopi
884 3164 950 3211 Hist.
964 3164 999 3219 X,
1019 3177 1051 3219 12,
1068 3165 1139 3221 apud
1155 3163 1255 3209 Reeneit
1272 3164 1315 3210 ees

246 3245 377 3288 historiens
394 3243 436 3287 des
458 3243 599 3297 (tramarice,
614 3256 673 3300 pars
684 3244 769 3299 prima
779 3244 843 3287 tomi
856 3257 874 3295 1,
890 3258 915 3301 p.
927 3245 976 3299 416.
991 3245 1055 3292 Ibid.
1072 3245 1103 3300 X,
1115 3245 1188 3298 reem
1202 3245 1315 3290 Furcae

246 3337 283 3368 1111
301 3336 475 3367 eauuorevsrs
495 3323 560 3367 Hist.
585 3323 817 3378 hierosolymitana,
831 3324 954 3379 11,16,18;
971 3325 1087 3368 Aeneam
1105 3326 1237 3379 Aqueusrs
1252 3325 1313 3369 llist.

245 3403 311 3459 Vlll,
324 3404 358 3458 ΙΙ,
376 3404 413 3458 43.
433 3404 475 3459 ΙΙΙ,
497 3417 515 3460 1,
536 3404 586 3456 5·6;
608 3403 739 3448 Onnumcr
755 3403 859 3447 Vrraus
877 3404 944 3451 Hist.
960 3405 1016 3448 eccl.
1030 3405 1060 3456 x,
1075 3409 1153 3459 19-21).
1167 3404 1263 3450 Errant
1276 3405 1314 3449 illi

245 3485 385 3542 scriptores
398 3497 457 3528 cum
473 3484 634 3541 Stephanum
647 3498 659 3527 c
672 3483 827 3540 Burgundiae
843 3484 957 3528 ducem»
975 3488 1079 3540 vocant,
1097 3486 1141 3541 qui
1161 3498 1208 3529 nec
1227 3496 1315 3531 comes

246 3576 294 3609 nec
304 3565 359 3608 dux
375 3564 431 3608 tuit.
454 3564 529 3608 Nunc
547 3564 626 3620 igitur
643 3568 762 3608 veterum
779 3565 936 3622 scriptorum
956 3565 1059 3609 traditis
1076 3565 1252 3609 insistendum
1271 3567 1312 3609 est

246 3656 338 3688 rursus
350 3645 396 3701 qui
408 3644 532 3688 dixerunt
545 3644 666 3688 Odonem
678 3643 727 3687 iter
737 3644 828 3687 fecisse
841 3657 853 3686 a
865 3644 952 3701 plutbt
963 3656 996 3688 en
1010 3645 1128 3701 peniteat
1147 3647 1224 3701 qu'en
1240 3657 1313 3702 guer-

246 3725 298 3772 rier
309 3738 321 3768 r
334 3728 363 3769 ut
375 3728 494 3769 sanctum
515 3724 668 3780 Sepulcrum
683 3724 795 3788 videret,
812 3728 839 3769 et
857 3725 885 3768 in
900 3725 990 3769 itinere
1002 3729 1113 3769 mortem
1124 3725 1227 3776 obiisse,
1240 3726 1315 3782 gravi

246 3805 339 3848 morbo
352 3805 499 3849 confectum
511 3803 667 3858 (Ducuasun.
680 3803 790 3848 Htetoire
802 3805 845 3847 des
858 3804 933 3859 Dece,
944 3817 968 3861 p.
981 3807 1008 3848 25
1020 3808 1046 3849 et
1057 3804 1170 3849 Histoire
1180 3805 1210 3849 de
1222 3805 1314 3864 Vergy,

246 3898 274 3941 p.
288 3897 326 3941 77,
340 3885 372 3933 D.
389 3887 534 3939 Pulucunu,
544 3887 562 3928 t.
576 3883 595 3937 Ι,
609 3897 637 3940 p.
653 3882 707 3935 289;
719 3881 880 3938 Couurdrr'ce,
893 3887 913 3931 t.
931 3884 949 3937 l,
962 3897 988 3940 p.
1000 3885 1057 3936 123).

274 3995 296 4031 a.
314 3982 362 4026 Illo
375 3981 504 4039 siquidem
523 3983 551 4025 in
573 3985 698 4037 tempore,
721 3993 774 4036 quo
793 3981 826 4024 ad
846 3984 964 4025 sanctum
984 3972 1110 4026 Jacobum
1122 3994 1228 4039 peregre
1242 3982 1314 4026 volui

247 4063 383 4120 proticisci,
396 4062 526 4106 Abbatem
538 4065 600 4106 tunc
613 4062 739 4118 temporis
750 4061 775 4104 S.
784 4060 898 4116 Benigni,
910 4063 1015 4105 nomine
1028 4062 1142 4118 Petrum,
1155 4062 1239 4106 sciens
1251 4075 1313 4106 eum

246 4143 442 4201 virumjustum
460 4145 487 4186 et
504 4146 631 4193 sanctum,
645 4154 692 4186 nec
706 4141 828 4185 dubitans
849 4142 920 4197 quod
941 4143 1063 4186 sauctitas
1083 4142 1153 4187 illius
1166 4155 1195 4186 ac
1212 4143 1315 4200 iustitia

247 4223 359 4266 multum
380 4223 443 4266 mihi
463 4223 495 4266 de
512 4224 567 4279 Jam
587 4223 656 4266 dicto
670 4222 761 4265 itinere
778 4222 896 4265 conferre
913 4225 1009 4278 posset,
1023 4226 1053 4266 ut
1066 4223 1152 4266 socius
1165 4223 1215 4266 mei
1227 4222 1316 4266 viatici

242 4309 302 4347 ‘csse
322 4303 481 4359 dignaretur,
496 4314 557 4346 eum
576 4302 660 4346 multo
679 4302 867 4357 supplicamine
880 4303 996 4345 exoravi.
1013 4301 1091 4359 Quod
1104 4303 1149 4345 vix
1160 4303 1267 4346 tandem
1280 4305 1314 4346 ab

247 4384 313 4440 ipso,
326 4384 371 4427 sed
382 4395 436 4427 non
446 4383 501 4427 sine
516 4383 614 4437 magnis
625 4383 745 4439 precibus
758 4382 894 4439 impetravi
906 4379 1030 4435 (Prienen,
1044 4394 1071 4438 p.
1091 4386 1149 4434 aaa).

274 4482 297 4530 3.
314 4481 380 4525 Vide
392 4481 504 4525 indicem
517 4481 707 4537 praecipuorum
720 4479 847 4523 nobilium
867 4479 911 4536 qui
931 4478 1098 4524 vizeliacensi
1119 4480 1261 4524 conventui
1273 4479 1317 4523 ad·

245 4561 354 4605 'luerunt
366 4562 392 4604 in
405 4562 521 4618 quodam
537 4561 691 4620 Fragmenta
707 4559 768 4604 Vitae
778 4559 895 4603 Ludoeici
914 4559 960 4603 Vll
970 4572 985 4603 a
999 4560 1107 4620 Sugarie
1125 4560 1211 4604 abbate
1218 4567 1317 4616 praepo'·

249 4645 312 4697 roto,
324 4655 349 4686 m
358 4642 409 4694 (ed.
424 4643 558 4695 Molinier).
569 4630 740 4686 Attameu'de‘
750 4641 843 4685 Odone
856 4641 878 4684 ΙΙ
892 4639 1035 4698 Courtepee
1049 4642 1117 4686 dixit
1139 4654 1144 4685 :
1163 4655 1175 4685 e
1189 4641 1210 4686 ll
1219 4641 1270 4685 alla
1282 4642 1316 4686 en
