3082 5446
701 592 729 600 ..
752 559 787 614 63
812 592 839 600 -

233 689 549 759 tissiodorenscm
577 688 818 781 episcopum,
850 688 931 780 qui,
943 687 1027 778 jam
1045 687 1168 758 trihus
1188 689 1301 758 annis

235 805 482 897 episcopatus
491 804 688 891 confectis
702 803 945 893 defatigatus,
960 803 1065 873 abire
1075 805 1303 874 monachus·
1372 876 1374 882 .

234 942 309 1012 que
329 917 410 988 lieri
424 919 562 991 maluit
576 920 679 1011 apud
695 919 881 989 Sanctum
895 919 1137 991 Salvatorcm
1148 920 1188 988 in
1198 941 1300 1012 pago

236 1035 457 1106 Senonico¹.
481 1035 628 1123 Quare
648 1045 860 1128 permotus,
878 1044 1000 1105 terras
1021 1035 1189 1105 abbatiis
1209 1036 1301 1104 dare

235 1151 379 1242 incepit
411 1152 523 1240 Hugo
551 1151 580 1237 Ι,
612 1159 656 1220 ut
684 1152 884 1221 restituere
903 1147 1118 1221 videretur*
1138 1176 1145 1222 :
1168 1152 1300 1244 itaque

237 1246 438 1355 aegerrime¹
456 1267 542 1337 tulit
558 1288 659 1359 papa
674 1266 784 1336 ducis
798 1277 880 1336 tam
893 1266 1159 1337 benevolentis
1179 1249 1301 1336 seces-

238 1403 335 1452 sum.

285 1497 437 1566 Etenim
463 1497 672 1587 Gregorius
687 1497 759 1568 Vll
785 1499 989 1588 Hugonem
1009 1497 1302 1568 Cluniacensem

238 1612 411 1705 epistulis
426 1613 662 1706 vituperavit
676 1613 794 1706 quod,
807 1637 846 1684 se
858 1615 993 1700 invito,
1003 1614 1237 1683 monachum
1249 1636 1303 1682 rc·

237 1738 387 1797 centem
397 1729 620 1820 accepisset,
634 1739 670 1799 et
680 1730 855 1800 hortatus
870 1739 991 1799 estne
1010 1730 1172 1821 posthac
1189 1752 1301 1823 papae

234 1843 342 1933 jussa
361 1843 607 1934 neglegeret:
632 1867 653 1914 e
669 1845 758 1934 Cur,
781 1846 921 1937 inquit,
948 1845 1064 1915 irater
1089 1846 1299 1932 carissime,

236 1980 317 2028 non
330 1960 552 2052 perpendis
566 1982 645 2030 non
661 1961 883 2030 consideras
896 1963 936 2030 in
951 1971 1097 2054 quanto
1112 1961 1299 2053 periculo,

236 2075 278 2143 in
288 2084 434 2167 quanta
444 2075 598 2144 miseria
609 2086 742 2146 sancta
752 2087 927 2146 versatur
942 2076 1103 2145 ecclesia
1114 2076 1179 2147 l...
1190 2077 1301 2166 Fugi-

237 2200 307 2260 unt
325 2201 514 2282 pastores,
533 2191 683 2280 lugiunt
698 2201 736 2261 et
755 2214 869 2262 canes
885 2214 1043 2281 gregum
1058 2191 1299 2280 defensores,

237 2305 425 2375 invadunt
455 2327 548 2375 oves
570 2306 723 2394 Christi,
745 2306 852 2376 nullo
883 2306 1182 2394 contradicente,
1204 2306 1300 2400 lupi,

237 2419 420 2490 latrones,
439 2420 574 2490 Tulisti
589 2421 650 2490 vel
670 2422 848 2514 recepisti
863 2421 1010 2491 Ducem
1025 2423 1066 2491 in
1082 2423 1305 2492 Cluniacen·

239 2558 318 2606 sem
334 2537 517 2628 quietem,
541 2546 578 2605 et
600 2538 722 2607 fecisti
749 2547 792 2607 ut
811 2548 965 2607 centum
991 2538 1112 2607 millia
1132 2538 1304 2608 christia·

237 2673 377 2720 norum
392 2662 548 2722 careant
568 2653 739 2723 custode.
758 2653 874 2741 Quod
890 2654 921 2722 si
941 2664 1073 2723 nostra
1088 2654 1304 2723 exhortatio

190 2770 195 2778 '
238 2766 343 2859 apud
368 2778 405 2837 tc
438 2789 578 2860 parum
601 2769 735 2856 valuit,
763 2779 801 2838 et
827 2769 1050 2862 apostolicae
1084 2754 1196 2839 sedis
1212 2791 1306 2863 prae·

239 2892 395 2974 ceptum
409 2883 449 2951 in
468 2893 505 2952 te
527 2883 787 2953 obedientiam
805 2906 885 2953 non
907 2885 1079 2970 invenit,
1102 2907 1169 2953 cur
1189 2886 1304 2974 gemi-

238 3006 300 3066 tus
319 3021 548 3091 pauperum,
570 2999 750 3089 lacrymae
770 2999 988 3085 viduarum,
1008 2999 1223 3069 devastatio
1245 3022 1304 3068 ec·

233 3111 455 3202 ‚clesiarum,
485 3116 630 3184 clamor
649 3114 925 3207 orphanorum,
945 3115 1110 3185 doloret
1129 3137 1305 3185 murmur

234 3229 483 3298 sacerdotum
514 3240 551 3299 et
577 3230 871 3315 monachorum,
894 3239 930 3299 11
960 3253 1040 3299 111
1069 3230 1305 3301 tenuerunt?

243 3344 378 3415 ...Haec
389 3345 476 3414 ideo
486 3345 662 3431 dicimus
676 3346 768 3438 quia
779 3345 885 3437 quod
900 3345 965 3414 vix
976 3346 1305 3439 aliquisprinceps

238 3458 365 3528 bonus
397 3459 629 3548 inveniatur,
661 3460 848 3529 dolemus,
876 3461 1056 3530 Monachi
1084 3483 1191 3547 vero,
1223 3461 1305 3531 Deo

239 3574 458 3660 miserante,
481 3575 699 3645 sacerdotes
715 3586 752 3644 et
765 3575 919 3661 rniliteS,
938 3587 976 3646 et
988 3597 1069 3645 non
1082 3578 1198 3669 pauci
1212 3599 1305 3668 pau·
1362 3631 1365 3635 .

234 3851 238 3855 ’
267 3867 288 3903 1,
310 3855 364 3900 Vita
376 3856 544 3911 Heriberttll,
557 3857 661 3913 episcopi
677 3857 760 3909 ontis,
779 3857 850 3914 apud
865 3857 940 3901 Gesta
951 3859 1042 3914 pontis.
1058 3859 1133 3902 ontis.
1154 3858 1228 3910 (Bihl.
1244 3859 1305 3903 hist.

240 3934 272 3978 de
282 3935 399 3991 l'Yonne,
410 3940 430 3983 t.
448 3937 506 3993 l,p.
521 3938 627 3992 391101.
648 3937 758 3992 Laneus,
779 3936 911 3981 Memor'res
932 3941 1081 3982 concernunt
1101 3937 1219 3982 l’histoire
1235 3937 1305 3983 eccle·

239 4015 628 4074 111111111111111111111111111,
642 4020 660 4061 t.
674 4017 692 4071 1,
707 4030 734 4073 p.
750 4019 851 4072 oto-241.

265 4123 288 4159 2.
305 4112 730 4170 11111111111111151111111111115,
743 4115 840 4170 quihus
853 4115 953 4158 tributo
966 4116 1081 4171 quodam
1096 4117 1220 4162 Sanctum
1235 4118 1306 4161 Beni·

239 4204 320 4248 gnum
332 4189 433 4249 liberat,
451 4195 487 4238 ita
508 4195 626 4251 loquitur
642 4194 718 4252 llugo
732 4194 742 4238 1
763 4208 767 4238 :
791 4195 880 4239 Abhas
901 4208 961 4239 cum
975 4197 1029 4240 suis
1042 4197 1075 4240 ad
1088 4203 1178 4241 nostra
1199 4198 1305 4253 vestigia

240 4273 312 4316 venit
324 4285 465 4330 suggerens
476 4287 534 4318 curn
544 4275 643 4330 gemitu
658 4275 740 4332 ipsius
760 4275 950 4320 desolationem
968 4276 1018 4320 loci
1038 4281 1064 4320 et
1082 4277 1304 4334 importunitates,

237 4354 405 4409 vastationes,
427 4355 630 4399 consuetudines
642 4367 748 4412 quoque
762 4356 843 4400 malas
856 4360 882 4400 et
892 4357 1000 4413 inJurias
1013 4357 1062 4400 sihi
1076 4358 1183 4413 suisque
1194 4362 1301 4402 actenus

239 4435 355 4490 tempore
372 4434 528 4490 precessoris
547 4434 630 4479 nostri
649 4435 745 4492 injuste
765 4435 849 4479 illatas
870 4436 913 4490 (l).
939 4439 1083 4488 Pennuuen,
1105 4439 1122 4480 t.
1143 4437 1162 4484 Ι,
1183 4440 1221 4480 Ρ1.
1241 4437 1305 4493 XLI,

240 4512 336 4566 XLIV).
