3082 5446
716 620 839 676 ..9-

244 752 404 824 mitibus
419 761 456 822 et
470 751 641 823 vassis...
664 771 732 819 seu
756 747 904 818 cunctis
922 747 1039 819 Dei...
1071 745 1249 816 fidelibus
1269 743 1309 813 in

244 891 363 960 regno
376 867 608 958 Burgundios
617 865 918 937 consistentibus
927 887 962 951 n,
975 873 1019 933 ut
1034 884 1100 933 eos
1110 862 1307 932 hortaren-

244 995 308 1056 tur
326 985 376 1055 ad
394 983 612 1077 parendum
629 982 711 1071 regi
730 980 889 1075 ejusque
914 977 1081 1070 legatis¹.
1104 978 1161 1048 Ex
1189 977 1308 1047 onmi-

243 1102 316 1170 bus
336 1099 578 1170 documentis
608 1121 695 1192 quae
715 1097 855 1168 adhoc
876 1095 1081 1167 consilium
1106 1092 1308 1164 reserenda
1378 1162 1381 1179 ,

244 1224 346 1299 sunt,
368 1214 550 1284 allocutio
571 1214 773 1305 cujusdam
790 1213 898 1290 missi
913 1214 954 1282 in
972 1212 1107 1304 primis
1145 1218 1203 1280 est
1226 1208 1305 1278 ani-

175 1384 177 1390 .
239 1330 529 1418 madvertenda‚
548 1352 650 1400 anno
671 1327 740 1422 857
758 1330 863 1422 apud
873 1328 1128 1399 Divionenses
1143 1324 1303 1394 habita¹.

240 1448 486 1517 Postremum
494 1456 644 1517 constat
660 1447 819 1516 comites
826 1445 891 1536 jus
900 1445 1042 1515 dixisse
1057 1453 1095 1514 et
1106 1464 1125 1511 «
1134 1442 1303 1511 missos»

240 1561 368 1633 officio
394 1584 477 1632 esse
502 1562 655 1632 iunctos
682 1571 834 1632 servato
855 1562 989 1632 ordine
1009 1562 1050 1630 in
1063 1580 1165 1652 pago
1182 1557 1303 1627 divio-

239 1677 350 1748 nensi
364 1699 489 1771 usque
509 1678 647 1749 saltem
657 1679 707 1748 ad
723 1677 852 1748 Caroli
868 1677 976 1747 Calvi
991 1685 1178 1761 mortem3
1207 1672 1304 1742 mul-

239 1795 289 1864 tis
308 1794 412 1863 enirn
431 1817 478 1863 ex
498 1795 593 1864 actis
613 1803 775 1887 apparet
797 1792 959 1864 mallum
978 1812 1130 1883 semper
1163 1788 1304 1859 consti·

240 1910 310 1996 tui,
327 1909 491 2001 praeside
521 1911 673 1997 comite,
702 1910 869 1980 scabinis
890 1907 1155 2001 judicantibus
1181 1914 1219 1975 et
1237 1904 1303 1974 ho·

238 2025 410 2096 minibus
433 2025 582 2125 liberis
598 2025 894 2118 spectantibus&
924 2025 1021 2095 Tum
1041 2024 1210 2094 maxima
1234 2020 1305 2091 suit

239 2141 448 2211 auctoritas
459 2141 600 2230 missis,
618 2143 718 2211 inter
737 2163 836 2234 quos
850 2141 1043 2235 praecipue
1059 2140 1303 2210 eminuerunt

238 2256 361 2343 Isaac,
375 2255 628 2347 Lingonensis
639 2258 860 2350 episcopus,
874 2257 1040 2349 Odoque
1061 2277 1204 2343 comes,
1219 2255 1301 2347 qui,

238 2371 378 2443 Carolo
397 2372 516 2443 Calvo
536 2382 734 2463 regnante,
755 2374 797 2443 in
819 2373 1046 2443 Divionensi
1069 2371 1163 2442 urbe
1190 2379 1227 2440 et
1260 2370 1302 2438 in

237 2487 352 2559 Curte
364 2487 535 2559 Arnonis
553 2488 715 2560 mallum
733 2497 940 2560 tenuerunt
962 2488 1009 2558 de
1024 2487 1141 2558 rebus
1162 2488 1302 2558 iterum

232 2598 489 2695 judicandis⁴.

263 2965 284 3001 1.
300 2952 428 2998 Volumus
440 2958 467 2999 et
478 2967 601 3013 expresse
614 2957 786 3015 precipimus,
800 2960 829 3001 nt
843 2957 870 3001 in
878 2957 927 3013 his,
939 2969 997 3015 quae
1010 2957 1149 3003 subiuncta
1164 2961 1234 3013 sunt,
1246 2970 1301 3002 exe·

236 3033 348 3090 quendis
360 3037 387 3078 et
398 3035 426 3078 in
437 3035 504 3091 aliis,
519 3049 577 3093 quae
585 3037 618 3081 ad
626 3037 672 3081 Dei
682 3037 845 3082 voluntatem
852 3041 879 3082 et
888 3040 983 3082 sanctae
990 3038 1104 3083 ecclesiae
1113 3041 1210 3083 statum
1221 3041 1299 3095 atque

235 3115 268 3158 ad
277 3119 394 3160 nostram
404 3115 557 3162 fidelitatem
565 3121 591 3162 et
599 3117 632 3162 ad
644 3121 765 3162 nostrum
772 3118 900 3163 honorem
908 3131 937 3163 ac
949 3119 983 3162 ad
991 3119 1063 3175 regni
1075 3118 1234 3163 soliditatem
1244 3131 1301 3164 nec·

234 3207 289 3239 non
297 3195 331 3240 ad
338 3209 477 3241 commuue
485 3196 602 3242 fidelium
609 3201 761 3242 nostrorum
770 3198 961 3244 salvamentum
969 3199 1110 3256 pertinent,
1118 3200 1300 3257 unusquisque

234 3277 380 3321 secundum
392 3277 465 3335 quod
475 3290 524 3322 suo
536 3278 624 3323 ordini
635 3282 662 3324 et
678 3291 731 3323 suec
743 3291 862 3336 personae
878 3280 1011 3337 competit,
1024 3280 1081 3324 istis
1099 3281 1186 3325 missis
1203 3281 1300 3325 nostris

235 3355 387 3402 obedientes
405 3361 432 3402 et
457 3359 590 3403 adiutores
609 3358 636 3403 in
657 3359 780 3403 omnibus
802 3359 920 3424 existatis
936 3359 1093 3416 (Copiiulore
1117 3361 1252 3404 tusiacense
1273 3362 1298 3404 in

238 3435 412 3495 Burgundiom
424 3436 553 3494 directum,
565 3439 615 3486 865.
631 3439 778 3496 Kususu,p¹
791 3439 850 3495 ³²u)·
863 3463 890 3472 -
909 3439 1062 3496 Sequuntur
1071 3444 1107 3496 (p.
1127 3441 1225 3495 tao-332>
1241 3440 1299 3484 XVI

235 3529 304 3575 cap,
317 3529 423 3574 «quae...
436 3519 558 3576 capitula,
571 3519 647 3564 docet
656 3523 753 3572 textus,
764 3519 835 3564 misit
850 3520 962 3564 domnus
971 3531 1016 3564 rex
1028 3520 1140 3564 Karolus
1148 3521 1176 3564 in
1183 3520 1302 3578 Burgun-

233 3596 304 3642 diam
313 3598 468 3656 exequenda
478 3611 526 3656 per
538 3599 694 3644 Gauslinum
705 3602 732 3644 et
741 3599 879 3644 Fulcouem
891 3603 917 3645 ct
929 3600 1141 3658 perWaltarium
1153 3603 1179 3644 et
1197 3600 1298 3650 Laniui-

233 3688 308 3725 num.
324 3690 336 3721 s

260 3787 283 3822 a.
307 3774 430 3820 Aliocutio
453 3776 524 3820 missi
551 3775 680 3820 cuiusdam
710 3775 871 3834 divionensis,
901 3776 953 3834 857,
978 3780 1039 3835 post
1064 3779 1089 3834 14
1109 3777 1207 3822 mensis
1228 3777 1296 3828 febr,

233 3857 355 3911 (Kadasa,
367 3867 392 3913 p.
405 3859 512 3911 apr-292).

259 3953 282 4000 3.
300 3948 416 3997 Priusne.
433 3954 532 3998 Recucii
550 3955 580 3999 de
594 3951 674 4012 pic'ces
688 3955 819 4011 cunienses,
830 3968 857 4013 p.
872 3957 904 4012 14,
923 3956 958 4012 33,
972 3956 1007 4013 34,
1019 3958 1054 4014 36,
1067 3959 1117 4005 etc.
1136 3957 1176 4006 Ci.
1191 3957 1300 4002 Semno-

232 4043 288 4087 nes,
301 4032 336 4076 Le
347 4033 540 4092 Rc'qimesc'odol
550 4048 580 4079 en
589 4034 750 4095 Bourgogne
762 4049 787 4093 p.
800 4038 836 4082 85.

257 4131 280 4186 4.
296 4132 404 4180 Anno...
419 4132 452 4177 ab
465 4133 645 4178 Incarnatione
655 4134 761 4179 Domini
771 4134 943 4191 DCCCLXVI,
952 4135 1069 4180 residens
1077 4136 1148 4182 Isaac
1155 4137 1299 4194 Episcopus

231 4214 257 4255 et
268 4210 346 4255 Oddo
359 4224 453 4267 comes,
462 4213 504 4258 vel
511 4214 588 4258 ceteri
598 4213 671 4259 missi
679 4214 818 4262 Dominici.
826 4251 845 4263 ..
858 4214 885 4258 in
895 4214 975 4259 mallo
983 4215 1088 4272 publico
1098 4217 1132 4261 ad
1144 4229 1185 4262 res
1193 4218 1299 4262 audien·

233 4290 280 4335 das
292 4291 334 4335 vcl
353 4292 537 4340 iudicandas...
555 4294 585 4338 In
601 4294 679 4338 tertio
692 4307 754 4339 vero
771 4307 840 4339 anno
854 4295 882 4339 in
895 4294 973 4340 Curte
990 4296 1105 4340 Arnouis
1121 4297 1177 4354 ipse
1194 4297 1298 4342 Domno

233 4370 304 4415 Isaac
316 4371 447 4429 episcopo,
459 4372 552 4417 Odone
565 4375 668 4430 comite,
675 4374 832 4420 Hildebaldo
842 4374 952 4427 Abbius,
963 4375 1107 4421 Bertranno
1117 4380 1196 4434 atque
1207 4378 1299 4422 ceteris

233 4451 319 4495 missis
340 4451 482 4496 Dominicis
507 4452 616 4498 mallum
634 4455 810 4511 gerentibus...
827 4455 979 4508 (Chronicon
999 4455 1116 4515 Bentgnt,
1140 4469 1167 4514 p.
1194 4459 1251 4510 103).
1273 4482 1298 4490 -

232 4530 364 4576 Ansberto
379 4535 405 4576 et
421 4532 600 4578 Hildebrando
616 4535 702 4580 missis
719 4535 893 4584 dominicis...
908 4535 936 4579 in
948 4547 1015 4593 pugo
1028 4537 1074 4593 qui
1090 4536 1186 4582 dicitur
1197 4537 1298 4594 Augus·

232 4611 371 4657 tidunense
383 4608 509 4666 (Priusne.
524 4612 623 4659 Recueil
635 4614 665 4659 de
673 4615 753 4671 pie'ces
764 4616 896 4671 cunienses,
908 4628 968 4662 ann.
981 4617 1030 4672 868,
1042 4629 1069 4674 p.
1084 4617 1130 4673 34).
