<?xml version="1.0" encoding="UTF-8"?>
<!DOCTYPE html PUBLIC "-//W3C//DTD XHTML 1.0 Transitional//EN"
    "http://www.w3.org/TR/xhtml1/DTD/xhtml1-transitional.dtd">
<html xmlns="http://www.w3.org/1999/xhtml" xml:lang="en" lang="en">
 <head>
  <title>
</title>
<meta http-equiv="Content-Type" content="text/html;charset=utf-8" />
  <meta name='ocr-system' content='tesseract 3.04.00' />
  <meta name='ocr-capabilities' content='ocr_page ocr_carea ocr_par ocr_line ocrx_word'/>
</head>
<body>
  <div class='ocr_page' id='page_1' title='image "./quomodoprimiduc00kleigoog_0055.png"; bbox 0 0 3082 5446; ppageno 0'>
   <div class='ocr_carea' id='block_1_1' title="bbox 704 585 844 641">
    <p class='ocr_par' dir='ltr' id='par_1_1' title="bbox 704 585 844 641">
     <span class='ocr_line' id='line_1_1' title="bbox 704 585 844 641; baseline 0 -17"><span class='ocrx_word' id='word_1_1' title='bbox 704 585 844 641; x_wconf 76' lang='lat'>..32-</span> 
     </span>
    </p>
   </div>
   <div class='ocr_carea' id='block_1_2' title="bbox 236 710 1402 2770">
    <p class='ocr_par' dir='ltr' id='par_1_2' title="bbox 238 710 1402 2055">
     <span class='ocr_line' id='line_1_2' title="bbox 289 710 1308 805; baseline 0.002 -24"><span class='ocrx_word' id='word_1_2' title='bbox 289 710 391 781; x_wconf 90' lang='lat' dir='ltr'>Nihil</span> <span class='ocrx_word' id='word_1_3' title='bbox 402 713 561 804; x_wconf 85' lang='lat' dir='ltr'>quidem</span> <span class='ocrx_word' id='word_1_4' title='bbox 576 712 717 781; x_wconf 89' lang='lat' dir='ltr'>clarius</span> <span class='ocrx_word' id='word_1_5' title='bbox 727 712 894 782; x_wconf 74' lang='lat' dir='ltr'>ostendit</span> <span class='ocrx_word' id='word_1_6' title='bbox 907 734 985 805; x_wconf 91' lang='lat' dir='ltr'>quo</span> <span class='ocrx_word' id='word_1_7' title='bbox 1001 713 1040 782; x_wconf 92' lang='lat' dir='ltr'>in</span> <span class='ocrx_word' id='word_1_8' title='bbox 1057 722 1160 783; x_wconf 87' lang='lat' dir='ltr'>statu</span> <span class='ocrx_word' id='word_1_9' title='bbox 1175 712 1308 783; x_wconf 88' lang='lat' dir='ltr'>intimo</span> 
     </span>
     <span class='ocr_line' id='line_1_3' title="bbox 241 827 1306 922; baseline 0.002 -26"><span class='ocrx_word' id='word_1_10' title='bbox 241 827 355 897; x_wconf 90' lang='lat' dir='ltr'>simul</span> <span class='ocrx_word' id='word_1_11' title='bbox 393 839 509 922; x_wconf 88' lang='lat' dir='ltr'>atque</span> <span class='ocrx_word' id='word_1_12' title='bbox 543 827 715 897; x_wconf 82' lang='lat' dir='ltr'>instabili</span> <span class='ocrx_word' id='word_1_13' title='bbox 742 828 859 921; x_wconf 92' lang='lat' dir='ltr'>primi</span> <span class='ocrx_word' id='word_1_14' title='bbox 885 827 1003 898; x_wconf 89' lang='lat' dir='ltr'>duces</span> <span class='ocrx_word' id='word_1_15' title='bbox 1028 837 1306 922; x_wconf 74' lang='lat' dir='ltr'>torpescerent,</span> 
     </span>
     <span class='ocr_line' id='line_1_4' title="bbox 240 942 1309 1037; baseline 0.001 -25"><span class='ocrx_word' id='word_1_16' title='bbox 240 965 359 1036; x_wconf 89' lang='lat' dir='ltr'>quam</span> <span class='ocrx_word' id='word_1_17' title='bbox 380 944 485 1037; x_wconf 87' lang='lat' dir='ltr'>quod</span> <span class='ocrx_word' id='word_1_18' title='bbox 514 942 717 1013; x_wconf 83' lang='lat' dir='ltr'>dubitabat</span> <span class='ocrx_word' id='word_1_19' title='bbox 744 942 938 1013; x_wconf 85' lang='lat' dir='ltr'>Robertus</span> <span class='ocrx_word' id='word_1_20' title='bbox 959 944 1072 1036; x_wconf 88' lang='lat' dir='ltr'>quale</span> <span class='ocrx_word' id='word_1_21' title='bbox 1093 967 1133 1015; x_wconf 90' lang='lat' dir='ltr'>se</span> <span class='ocrx_word' id='word_1_22' title='bbox 1156 944 1309 1014; x_wconf 81' lang='lat' dir='ltr'>deceret</span> 
     </span>
     <span class='ocr_line' id='line_1_5' title="bbox 239 1057 1308 1152; baseline 0.001 -24"><span class='ocrx_word' id='word_1_23' title='bbox 239 1081 395 1130; x_wconf 91' lang='lat' dir='ltr'>nomen.</span> <span class='ocrx_word' id='word_1_24' title='bbox 418 1059 488 1129; x_wconf 89' lang='lat' dir='ltr'>llic</span> <span class='ocrx_word' id='word_1_25' title='bbox 518 1057 591 1127; x_wconf 91' lang='lat' dir='ltr'>sibi</span> <span class='ocrx_word' id='word_1_26' title='bbox 618 1058 796 1129; x_wconf 88' lang='lat' dir='ltr'>«ducem</span> <span class='ocrx_word' id='word_1_27' title='bbox 819 1067 1084 1152; x_wconf 88' lang='lat' dir='ltr'>rectoremque</span> <span class='ocrx_word' id='word_1_28' title='bbox 1115 1059 1308 1130; x_wconf 86' lang='lat' dir='ltr'>inferioris</span> 
     </span>
     <span class='ocr_line' id='line_1_6' title="bbox 239 1173 1308 1266; baseline 0 -22"><span class='ocrx_word' id='word_1_29' title='bbox 239 1174 471 1266; x_wconf 79' lang='lat' dir='ltr'>Burgimdiae</span> <span class='ocrx_word' id='word_1_30' title='bbox 498 1196 517 1242; x_wconf 80' lang='lat' dir='ltr'>p</span> <span class='ocrx_word' id='word_1_31' title='bbox 550 1195 694 1243; x_wconf 91' lang='lat' dir='ltr'>nomen</span> <span class='ocrx_word' id='word_1_32' title='bbox 721 1173 801 1260; x_wconf 90' lang='lat' dir='ltr'>dat,</span> <span class='ocrx_word' id='word_1_33' title='bbox 832 1175 908 1244; x_wconf 91' lang='lat' dir='ltr'>illic</span> <span class='ocrx_word' id='word_1_34' title='bbox 938 1195 958 1243; x_wconf 92' lang='lat'>«</span> <span class='ocrx_word' id='word_1_35' title='bbox 977 1174 1223 1266; x_wconf 82' lang='lat' dir='ltr'>Burgundiae,</span> <span class='ocrx_word' id='word_1_36' title='bbox 1246 1175 1308 1245; x_wconf 88' lang='lat' dir='ltr'>vel</span> 
     </span>
     <span class='ocr_line' id='line_1_7' title="bbox 239 1289 1307 1380; baseline 0 -20"><span class='ocrx_word' id='word_1_37' title='bbox 239 1291 430 1360; x_wconf 83' lang='lat' dir='ltr'>inferioris</span> <span class='ocrx_word' id='word_1_38' title='bbox 456 1289 688 1380; x_wconf 82' lang='lat' dir='ltr'>Burgundiae</span> <span class='ocrx_word' id='word_1_39' title='bbox 718 1290 912 1379; x_wconf 87' lang='lat' dir='ltr'>ducem»,</span> <span class='ocrx_word' id='word_1_40' title='bbox 938 1290 1000 1360; x_wconf 91' lang='lat' dir='ltr'>vel</span> <span class='ocrx_word' id='word_1_41' title='bbox 1030 1291 1148 1361; x_wconf 84' lang='lat' dir='ltr'>etiarn</span> <span class='ocrx_word' id='word_1_42' title='bbox 1172 1312 1192 1360; x_wconf 75' lang='lat' dir='ltr'>a</span> <span class='ocrx_word' id='word_1_43' title='bbox 1212 1290 1307 1360; x_wconf 90' lang='lat' dir='ltr'>Bur-</span> 
     </span>
     <span class='ocr_line' id='line_1_8' title="bbox 240 1405 1306 1499; baseline -0.001 -23"><span class='ocrx_word' id='word_1_44' title='bbox 240 1406 479 1496; x_wconf 84' lang='lat' dir='ltr'>gundionum</span> <span class='ocrx_word' id='word_1_45' title='bbox 508 1406 664 1475; x_wconf 85' lang='lat' dir='ltr'>ducem¹</span> <span class='ocrx_word' id='word_1_46' title='bbox 687 1427 721 1476; x_wconf 80' lang='lat' dir='ltr'>n.</span> <span class='ocrx_word' id='word_1_47' title='bbox 758 1405 977 1498; x_wconf 88' lang='lat' dir='ltr'>Sapientius</span> <span class='ocrx_word' id='word_1_48' title='bbox 1003 1406 1161 1499; x_wconf 88' lang='lat' dir='ltr'>quidem</span> <span class='ocrx_word' id='word_1_49' title='bbox 1187 1407 1306 1499; x_wconf 89' lang='lat' dir='ltr'>scrip·</span> 
     </span>
     <span class='ocr_line' id='line_1_9' title="bbox 239 1520 1306 1612; baseline -0.001 -21"><span class='ocrx_word' id='word_1_50' title='bbox 239 1523 288 1591; x_wconf 88' lang='lat' dir='ltr'>sit</span> <span class='ocrx_word' id='word_1_51' title='bbox 317 1522 430 1591; x_wconf 91' lang='lat' dir='ltr'>olim:</span> <span class='ocrx_word' id='word_1_52' title='bbox 462 1544 482 1590; x_wconf 88' lang='lat'>«</span> <span class='ocrx_word' id='word_1_53' title='bbox 506 1521 587 1611; x_wconf 83' lang='lat' dir='ltr'>Ego</span> <span class='ocrx_word' id='word_1_54' title='bbox 607 1520 812 1591; x_wconf 86' lang='lat' dir='ltr'>Robertus.</span> <span class='ocrx_word' id='word_1_55' title='bbox 829 1520 989 1592; x_wconf 91' lang='lat' dir='ltr'>Roberti</span> <span class='ocrx_word' id='word_1_56' title='bbox 1017 1520 1118 1591; x_wconf 90' lang='lat' dir='ltr'>tilius</span> <span class='ocrx_word' id='word_1_57' title='bbox 1143 1531 1180 1592; x_wconf 90' lang='lat' dir='ltr'>et</span> <span class='ocrx_word' id='word_1_58' title='bbox 1205 1521 1306 1612; x_wconf 82' lang='lat' dir='ltr'>regis</span> 
     </span>
     <span class='ocr_line' id='line_1_10' title="bbox 239 1636 1305 1727; baseline 0 -21"><span class='ocrx_word' id='word_1_59' title='bbox 239 1637 394 1707; x_wconf 92' lang='lat' dir='ltr'>ilenrici</span> <span class='ocrx_word' id='word_1_60' title='bbox 435 1636 502 1706; x_wconf 88' lang='lat' dir='ltr'>filii</span> <span class='ocrx_word' id='word_1_61' title='bbox 547 1636 629 1727; x_wconf 89' lang='lat' dir='ltr'>ejus</span> <span class='ocrx_word' id='word_1_62' title='bbox 674 1658 892 1727; x_wconf 72' lang='lat' dir='ltr'>germanus</span> <span class='ocrx_word' id='word_1_63' title='bbox 944 1636 1015 1707; x_wconf 92' lang='lat' dir='ltr'>Dei</span> <span class='ocrx_word' id='word_1_64' title='bbox 1057 1637 1305 1707; x_wconf 89' lang='lat' dir='ltr'>miseratione</span> 
     </span>
     <span class='ocr_line' id='line_1_11' title="bbox 238 1752 1306 1846; baseline 0 -24"><span class='ocrx_word' id='word_1_65' title='bbox 238 1752 469 1843; x_wconf 86' lang='lat' dir='ltr'>Burgundiae</span> <span class='ocrx_word' id='word_1_66' title='bbox 496 1752 593 1821; x_wconf 79' lang='lat' dir='ltr'>dux¹</span> <span class='ocrx_word' id='word_1_67' title='bbox 617 1775 652 1822; x_wconf 83' lang='lat' dir='ltr'>n.</span> <span class='ocrx_word' id='word_1_68' title='bbox 693 1752 885 1822; x_wconf 88' lang='lat' dir='ltr'>Robertus</span> <span class='ocrx_word' id='word_1_69' title='bbox 912 1752 1075 1823; x_wconf 84' lang='lat' dir='ltr'>Vetulus</span> <span class='ocrx_word' id='word_1_70' title='bbox 1106 1752 1306 1846; x_wconf 87' lang='lat' dir='ltr'>quondam</span> 
     </span>
     <span class='ocr_line' id='line_1_12' title="bbox 239 1850 1402 1961; baseline 0 -24"><span class='ocrx_word' id='word_1_71' title='bbox 239 1868 532 1961; x_wconf 78' lang='lat' dir='ltr'>appellabatur³</span> <span class='ocrx_word' id='word_1_72' title='bbox 557 1850 689 1938; x_wconf 85' lang='lat' dir='ltr'>:nunc</span> <span class='ocrx_word' id='word_1_73' title='bbox 730 1867 927 1937; x_wconf 90' lang='lat' dir='ltr'>nonnullis</span> <span class='ocrx_word' id='word_1_74' title='bbox 960 1867 1087 1937; x_wconf 85' lang='lat' dir='ltr'>visum</span> <span class='ocrx_word' id='word_1_75' title='bbox 1125 1877 1183 1938; x_wconf 89' lang='lat' dir='ltr'>est</span> <span class='ocrx_word' id='word_1_76' title='bbox 1213 1890 1304 1960; x_wconf 91' lang='lat' dir='ltr'>pru·</span> <span class='ocrx_word' id='word_1_77' title='bbox 1398 1932 1402 1937; x_wconf 89' lang='lat'>.</span> 
     </span>
     <span class='ocr_line' id='line_1_13' title="bbox 238 1982 1178 2055; baseline 0.002 -3"><span class='ocrx_word' id='word_1_78' title='bbox 238 1983 373 2052; x_wconf 84' lang='lat' dir='ltr'>denter</span> <span class='ocrx_word' id='word_1_79' title='bbox 389 2006 477 2053; x_wconf 89' lang='lat' dir='ltr'>eum</span> <span class='ocrx_word' id='word_1_80' title='bbox 497 1982 710 2052; x_wconf 91' lang='lat' dir='ltr'>Robertum</span> <span class='ocrx_word' id='word_1_81' title='bbox 727 1984 926 2053; x_wconf 86' lang='lat' dir='ltr'>sineterra</span> <span class='ocrx_word' id='word_1_82' title='bbox 945 1984 1178 2055; x_wconf 66' lang='lat' dir='ltr'>nominaret.</span> 
     </span>
    </p>

    <p class='ocr_par' dir='ltr' id='par_1_3' title="bbox 236 2097 1305 2770">
     <span class='ocr_line' id='line_1_14' title="bbox 287 2097 1305 2191; baseline -0.001 -22"><span class='ocrx_word' id='word_1_83' title='bbox 287 2098 375 2186; x_wconf 89' lang='lat' dir='ltr'>Qua</span> <span class='ocrx_word' id='word_1_84' title='bbox 394 2099 543 2169; x_wconf 89' lang='lat' dir='ltr'>ratione</span> <span class='ocrx_word' id='word_1_85' title='bbox 563 2097 702 2169; x_wconf 92' lang='lat' dir='ltr'>domus</span> <span class='ocrx_word' id='word_1_86' title='bbox 722 2098 787 2168; x_wconf 91' lang='lat' dir='ltr'>illa</span> <span class='ocrx_word' id='word_1_87' title='bbox 801 2098 898 2168; x_wconf 90' lang='lat' dir='ltr'>adeo</span> <span class='ocrx_word' id='word_1_88' title='bbox 919 2098 1069 2168; x_wconf 80' lang='lat' dir='ltr'>infirma</span> <span class='ocrx_word' id='word_1_89' title='bbox 1089 2099 1213 2185; x_wconf 78' lang='lat' dir='ltr'>initio,</span> <span class='ocrx_word' id='word_1_90' title='bbox 1234 2120 1305 2191; x_wconf 87' lang='lat' dir='ltr'>per</span> 
     </span>
     <span class='ocr_line' id='line_1_15' title="bbox 238 2213 1305 2307; baseline 0.001 -23"><span class='ocrx_word' id='word_1_91' title='bbox 238 2215 311 2284; x_wconf 89' lang='lat' dir='ltr'>tria</span> <span class='ocrx_word' id='word_1_92' title='bbox 340 2214 469 2283; x_wconf 89' lang='lat' dir='ltr'>secula</span> <span class='ocrx_word' id='word_1_93' title='bbox 489 2224 526 2284; x_wconf 91' lang='lat' dir='ltr'>et</span> <span class='ocrx_word' id='word_1_94' title='bbox 545 2213 829 2307; x_wconf 87' lang='lat' dir='ltr'>quinquaginta</span> <span class='ocrx_word' id='word_1_95' title='bbox 849 2236 972 2283; x_wconf 91' lang='lat' dir='ltr'>annos</span> <span class='ocrx_word' id='word_1_96' title='bbox 998 2222 1098 2284; x_wconf 89' lang='lat' dir='ltr'>stare</span> <span class='ocrx_word' id='word_1_97' title='bbox 1117 2215 1243 2306; x_wconf 92' lang='lat' dir='ltr'>potuit</span> <span class='ocrx_word' id='word_1_98' title='bbox 1267 2224 1305 2285; x_wconf 87' lang='lat' dir='ltr'>et</span> 
     </span>
     <span class='ocr_line' id='line_1_16' title="bbox 236 2329 1303 2423; baseline 0 -23"><span class='ocrx_word' id='word_1_99' title='bbox 236 2353 347 2423; x_wconf 88' lang='lat' dir='ltr'>paene</span> <span class='ocrx_word' id='word_1_100' title='bbox 367 2331 448 2399; x_wconf 91' lang='lat' dir='ltr'>sine</span> <span class='ocrx_word' id='word_1_101' title='bbox 470 2329 550 2400; x_wconf 89' lang='lat' dir='ltr'>ulla</span> <span class='ocrx_word' id='word_1_102' title='bbox 577 2329 802 2399; x_wconf 85' lang='lat' dir='ltr'>remissione</span> <span class='ocrx_word' id='word_1_103' title='bbox 822 2351 1006 2418; x_wconf 86' lang='lat' dir='ltr'>creseere,</span> <span class='ocrx_word' id='word_1_104' title='bbox 1028 2330 1303 2422; x_wconf 85' lang='lat' dir='ltr'>regionemque</span> 
     </span>
     <span class='ocr_line' id='line_1_17' title="bbox 237 2444 1303 2539; baseline -0.002 -23"><span class='ocrx_word' id='word_1_105' title='bbox 237 2455 428 2516; x_wconf 88' lang='lat' dir='ltr'>vastatam</span> <span class='ocrx_word' id='word_1_106' title='bbox 462 2455 579 2539; x_wconf 89' lang='lat' dir='ltr'>atque</span> <span class='ocrx_word' id='word_1_107' title='bbox 613 2445 807 2515; x_wconf 88' lang='lat' dir='ltr'>discordia</span> <span class='ocrx_word' id='word_1_108' title='bbox 835 2444 1075 2515; x_wconf 88' lang='lat' dir='ltr'>debilitatam</span> <span class='ocrx_word' id='word_1_109' title='bbox 1108 2445 1303 2538; x_wconf 88' lang='lat' dir='ltr'>accepisse</span> 
     </span>
     <span class='ocr_line' id='line_1_18' title="bbox 237 2558 1303 2655; baseline -0.002 -24"><span class='ocrx_word' id='word_1_110' title='bbox 237 2570 275 2631; x_wconf 90' lang='lat' dir='ltr'>et</span> <span class='ocrx_word' id='word_1_111' title='bbox 294 2571 436 2632; x_wconf 89' lang='lat' dir='ltr'>terram</span> <span class='ocrx_word' id='word_1_112' title='bbox 452 2561 544 2632; x_wconf 89' lang='lat' dir='ltr'>satis</span> <span class='ocrx_word' id='word_1_113' title='bbox 564 2561 789 2654; x_wconf 88' lang='lat' dir='ltr'>opulentam</span> <span class='ocrx_word' id='word_1_114' title='bbox 808 2560 1087 2655; x_wconf 84' lang='lat' dir='ltr'>florentemque</span> <span class='ocrx_word' id='word_1_115' title='bbox 1101 2558 1303 2630; x_wconf 71' lang='lat' dir='ltr'>tradere⁵l</span> 
     </span>
     <span class='ocr_line' id='line_1_19' title="bbox 238 2676 1300 2770; baseline -0.002 -23"><span class='ocrx_word' id='word_1_116' title='bbox 238 2677 354 2765; x_wconf 90' lang='lat' dir='ltr'>Quod</span> <span class='ocrx_word' id='word_1_117' title='bbox 392 2701 412 2747; x_wconf 91' lang='lat' dir='ltr'>c</span> <span class='ocrx_word' id='word_1_118' title='bbox 450 2677 626 2770; x_wconf 91' lang='lat' dir='ltr'>plurimis</span> <span class='ocrx_word' id='word_1_119' title='bbox 659 2676 774 2746; x_wconf 90' lang='lat' dir='ltr'>rebus</span> <span class='ocrx_word' id='word_1_120' title='bbox 812 2677 952 2765; x_wconf 88' lang='lat' dir='ltr'>evenit,</span> <span class='ocrx_word' id='word_1_121' title='bbox 989 2677 1057 2747; x_wconf 86' lang='lat' dir='ltr'>sed</span> <span class='ocrx_word' id='word_1_122' title='bbox 1091 2676 1300 2770; x_wconf 85' lang='lat' dir='ltr'>praecipue,</span> 
     </span>
    </p>
   </div>
   <div class='ocr_carea' id='block_1_3' title="bbox 232 2903 1302 4000">
    <p class='ocr_par' dir='ltr' id='par_1_4' title="bbox 232 2903 1302 4000">
     <span class='ocr_line' id='line_1_20' title="bbox 238 2903 1302 2960; baseline -0.003 -11"><span class='ocrx_word' id='word_1_123' title='bbox 238 2907 320 2957; x_wconf 77' lang='lat' dir='ltr'>t‘nrrr,</span> <span class='ocrx_word' id='word_1_124' title='bbox 329 2908 347 2949; x_wconf 91' lang='lat' dir='ltr'>t.</span> <span class='ocrx_word' id='word_1_125' title='bbox 358 2903 376 2960; x_wconf 94' lang='lat' dir='ltr'>l,</span> <span class='ocrx_word' id='word_1_126' title='bbox 385 2904 426 2948; x_wconf 88' lang='lat' dir='ltr'>Pr.</span> <span class='ocrx_word' id='word_1_127' title='bbox 436 2916 467 2955; x_wconf 82' lang='grc' dir='ltr'>ιο,</span> <span class='ocrx_word' id='word_1_128' title='bbox 478 2904 516 2948; x_wconf 81' lang='lat'>13:</span> <span class='ocrx_word' id='word_1_129' title='bbox 527 2903 707 2948; x_wconf 82' lang='lat' dir='ltr'>Goenobiolum</span> <span class='ocrx_word' id='word_1_130' title='bbox 717 2903 826 2948; x_wconf 75' lang='lat' dir='ltr'>Colchrm</span> <span class='ocrx_word' id='word_1_131' title='bbox 834 2903 997 2959; x_wconf 65' lang='lat' dir='ltr'>moriones)...</span> <span class='ocrx_word' id='word_1_132' title='bbox 1004 2904 1075 2959; x_wconf 78' lang='lat' dir='ltr'>qirod</span> <span class='ocrx_word' id='word_1_133' title='bbox 1086 2904 1164 2948; x_wconf 90' lang='lat' dir='ltr'>etiam</span> <span class='ocrx_word' id='word_1_134' title='bbox 1175 2903 1238 2946; x_wconf 88' lang='lat' dir='ltr'>olim</span> <span class='ocrx_word' id='word_1_135' title='bbox 1250 2915 1302 2946; x_wconf 88' lang='lat' dir='ltr'>ma-</span> 
     </span>
     <span class='ocr_line' id='line_1_21' title="bbox 235 2982 1300 3040; baseline -0.002 -12"><span class='ocrx_word' id='word_1_136' title='bbox 235 2996 288 3040; x_wconf 76' lang='lat' dir='ltr'>gno</span> <span class='ocrx_word' id='word_1_137' title='bbox 298 2985 398 3028; x_wconf 90' lang='lat' dir='ltr'>bonore</span> <span class='ocrx_word' id='word_1_138' title='bbox 408 2983 486 3028; x_wconf 89' lang='lat' dir='ltr'>simul</span> <span class='ocrx_word' id='word_1_139' title='bbox 498 2987 522 3027; x_wconf 85' lang='lat' dir='ltr'>et</span> <span class='ocrx_word' id='word_1_140' title='bbox 531 2983 656 3040; x_wconf 79' lang='lat' dir='ltr'>religione</span> <span class='ocrx_word' id='word_1_141' title='bbox 664 2984 796 3037; x_wconf 86' lang='lat' dir='ltr'>floruerat,</span> <span class='ocrx_word' id='word_1_142' title='bbox 803 2984 837 3027; x_wconf 87' lang='lat' dir='ltr'>ita</span> <span class='ocrx_word' id='word_1_143' title='bbox 847 2983 951 3040; x_wconf 83' lang='lat' dir='ltr'>penitus</span> <span class='ocrx_word' id='word_1_144' title='bbox 962 2995 1091 3038; x_wconf 78' lang='lat' dir='ltr'>eversum,</span> <span class='ocrx_word' id='word_1_145' title='bbox 1097 2987 1125 3027; x_wconf 94' lang='lat' dir='ltr'>ut</span> <span class='ocrx_word' id='word_1_146' title='bbox 1139 2982 1227 3027; x_wconf 90' lang='lat' dir='ltr'>nullus</span> <span class='ocrx_word' id='word_1_147' title='bbox 1237 2982 1300 3027; x_wconf 89' lang='lat' dir='ltr'>inibi</span> 
     </span>
     <span class='ocr_line' id='line_1_22' title="bbox 235 3063 1301 3120; baseline -0.003 -10"><span class='ocrx_word' id='word_1_148' title='bbox 235 3065 432 3119; x_wconf 83' lang='lat' dir='ltr'>Monachorum‚</span> <span class='ocrx_word' id='word_1_149' title='bbox 452 3064 540 3108; x_wconf 89' lang='lat' dir='ltr'>nultus</span> <span class='ocrx_word' id='word_1_150' title='bbox 561 3067 677 3107; x_wconf 80' lang='lat' dir='ltr'>ruarieret</span> <span class='ocrx_word' id='word_1_151' title='bbox 697 3064 894 3118; x_wconf 84' lang='lat' dir='ltr'>canonicorum,</span> <span class='ocrx_word' id='word_1_152' title='bbox 916 3066 1004 3119; x_wconf 90' lang='lat' dir='ltr'>preter</span> <span class='ocrx_word' id='word_1_153' title='bbox 1028 3076 1119 3117; x_wconf 89' lang='lat' dir='ltr'>unum,</span> <span class='ocrx_word' id='word_1_154' title='bbox 1139 3063 1184 3120; x_wconf 90' lang='lat' dir='ltr'>qui</span> <span class='ocrx_word' id='word_1_155' title='bbox 1203 3063 1301 3107; x_wconf 86' lang='lat' dir='ltr'>ibidem</span> 
     </span>
     <span class='ocr_line' id='line_1_23' title="bbox 235 3143 1300 3199; baseline -0.002 -10"><span class='ocrx_word' id='word_1_156' title='bbox 235 3146 340 3189; x_wconf 81' lang='lat' dir='ltr'>Missam</span> <span class='ocrx_word' id='word_1_157' title='bbox 353 3144 482 3188; x_wconf 85' lang='lat' dir='ltr'>celebrare</span> <span class='ocrx_word' id='word_1_158' title='bbox 497 3146 551 3188; x_wconf 89' lang='lat' dir='ltr'>crat</span> <span class='ocrx_word' id='word_1_159' title='bbox 569 3143 670 3197; x_wconf 88' lang='lat' dir='ltr'>solitus,</span> <span class='ocrx_word' id='word_1_160' title='bbox 687 3143 909 3199; x_wconf 77' lang='lat' dir='ltr'>presbyterum...,</span> <span class='ocrx_word' id='word_1_161' title='bbox 926 3143 1031 3199; x_wconf 84' lang='lat' dir='ltr'>penitus</span> <span class='ocrx_word' id='word_1_162' title='bbox 1047 3143 1201 3187; x_wconf 87' lang='lat' dir='ltr'>destitutum</span> <span class='ocrx_word' id='word_1_163' title='bbox 1221 3145 1300 3199; x_wconf 82' lang='lat' dir='ltr'>atque</span> 
     </span>
     <span class='ocr_line' id='line_1_24' title="bbox 235 3222 1300 3280; baseline -0.003 -11"><span class='ocrx_word' id='word_1_164' title='bbox 235 3225 406 3269; x_wconf 85' lang='lat' dir='ltr'>destructum.</span> <span class='ocrx_word' id='word_1_165' title='bbox 416 3257 434 3271; x_wconf 87' lang='lat'>..</span> <span class='ocrx_word' id='word_1_166' title='bbox 453 3223 478 3267; x_wconf 83' lang='lat' dir='ltr'>S.</span> <span class='ocrx_word' id='word_1_167' title='bbox 488 3223 629 3267; x_wconf 87' lang='lat' dir='ltr'>lilartinum</span> <span class='ocrx_word' id='word_1_168' title='bbox 646 3222 800 3266; x_wconf 83' lang='lat' dir='ltr'>llelnrnsem</span> <span class='ocrx_word' id='word_1_169' title='bbox 812 3236 824 3265; x_wconf 73' lang='lat' dir='ltr'>e</span> <span class='ocrx_word' id='word_1_170' title='bbox 837 3222 899 3266; x_wconf 89' lang='lat' dir='ltr'>olim</span> <span class='ocrx_word' id='word_1_171' title='bbox 915 3222 1056 3276; x_wconf 86' lang='lat' dir='ltr'>abbatiam,</span> <span class='ocrx_word' id='word_1_172' title='bbox 1069 3223 1115 3268; x_wconf 88' lang='lat' dir='ltr'>sed</span> <span class='ocrx_word' id='word_1_173' title='bbox 1124 3223 1180 3280; x_wconf 71' lang='lat' dir='ltr'>iam</span> <span class='ocrx_word' id='word_1_174' title='bbox 1192 3223 1300 3267; x_wconf 91' lang='lat' dir='ltr'>omnino</span> 
     </span>
     <span class='ocr_line' id='line_1_25' title="bbox 235 3302 1299 3360; baseline -0.001 -12"><span class='ocrx_word' id='word_1_175' title='bbox 235 3304 394 3349; x_wconf 88' lang='lat' dir='ltr'>destructam</span> <span class='ocrx_word' id='word_1_176' title='bbox 407 3318 427 3347; x_wconf 72' lang='lat' dir='ltr'>n.</span> <span class='ocrx_word' id='word_1_177' title='bbox 439 3328 466 3337; x_wconf 95' lang='lat'><em>-</em></span> <span class='ocrx_word' id='word_1_178' title='bbox 476 3303 553 3347; x_wconf 86' lang='lat' dir='ltr'>Anno</span> <span class='ocrx_word' id='word_1_179' title='bbox 565 3303 625 3358; x_wconf 75' lang='lat'>1040,</span> <span class='ocrx_word' id='word_1_180' title='bbox 636 3302 766 3346; x_wconf 82' lang='lat' dir='ltr'>Robertus</span> <span class='ocrx_word' id='word_1_181' title='bbox 779 3302 859 3346; x_wconf 90' lang='lat' dir='ltr'>lcum</span> <span class='ocrx_word' id='word_1_182' title='bbox 872 3302 903 3345; x_wconf 90' lang='lat' dir='ltr'>de</span> <span class='ocrx_word' id='word_1_183' title='bbox 914 3302 1022 3348; x_wconf 89' lang='lat' dir='ltr'>Gilliaco</span> <span class='ocrx_word' id='word_1_184' title='bbox 1033 3302 1095 3346; x_wconf 86' lang='lat' dir='ltr'>villa</span> <span class='ocrx_word' id='word_1_185' title='bbox 1103 3302 1179 3359; x_wconf 92' lang='lat' dir='ltr'>plura</span> <span class='ocrx_word' id='word_1_186' title='bbox 1185 3303 1247 3360; x_wconf 89' lang='lat' dir='ltr'>jura</span> <span class='ocrx_word' id='word_1_187' title='bbox 1258 3314 1299 3347; x_wconf 92' lang='lat' dir='ltr'>rc-</span> 
     </span>
     <span class='ocr_line' id='line_1_26' title="bbox 233 3382 1300 3441; baseline -0.002 -13"><span class='ocrx_word' id='word_1_188' title='bbox 233 3397 358 3441; x_wconf 82' lang='lat' dir='ltr'>cuperare</span> <span class='ocrx_word' id='word_1_189' title='bbox 371 3384 457 3434; x_wconf 78' lang='lat' dir='ltr'>veltet,</span> <span class='ocrx_word' id='word_1_190' title='bbox 471 3396 529 3440; x_wconf 71' lang='lat' dir='ltr'>quac</span> <span class='ocrx_word' id='word_1_191' title='bbox 542 3382 598 3439; x_wconf 80' lang='lat' dir='ltr'>rJus</span> <span class='ocrx_word' id='word_1_192' title='bbox 610 3385 684 3427; x_wconf 84' lang='lat' dir='ltr'>erant</span> <span class='ocrx_word' id='word_1_193' title='bbox 697 3396 709 3425; x_wconf 67' lang='lat' dir='ltr'>a</span> <span class='ocrx_word' id='word_1_194' title='bbox 720 3382 775 3438; x_wconf 79' lang='lat' dir='ltr'>tege</span> <span class='ocrx_word' id='word_1_195' title='bbox 786 3382 1045 3437; x_wconf 79' lang='lat' dir='ltr'>consuetudinaria»,</span> <span class='ocrx_word' id='word_1_196' title='bbox 1058 3382 1090 3427; x_wconf 86' lang='lat' dir='ltr'>dc</span> <span class='ocrx_word' id='word_1_197' title='bbox 1097 3383 1157 3439; x_wconf 73' lang='lat' dir='ltr'>¹iure</span> <span class='ocrx_word' id='word_1_198' title='bbox 1167 3394 1216 3426; x_wconf 87' lang='lat' dir='ltr'>suo</span> <span class='ocrx_word' id='word_1_199' title='bbox 1229 3383 1300 3426; x_wconf 86' lang='lat' dir='ltr'>decc-</span> 
     </span>
     <span class='ocr_line' id='line_1_27' title="bbox 234 3461 1298 3520; baseline -0.002 -12"><span class='ocrx_word' id='word_1_200' title='bbox 234 3465 295 3508; x_wconf 88' lang='lat' dir='ltr'>dere</span> <span class='ocrx_word' id='word_1_201' title='bbox 308 3467 412 3508; x_wconf 89' lang='lat' dir='ltr'>coactus</span> <span class='ocrx_word' id='word_1_202' title='bbox 423 3467 471 3520; x_wconf 88' lang='lat' dir='ltr'>cst,</span> <span class='ocrx_word' id='word_1_203' title='bbox 483 3476 495 3505; x_wconf 73' lang='lat' dir='ltr'>e</span> <span class='ocrx_word' id='word_1_204' title='bbox 506 3462 709 3507; x_wconf 89' lang='lat' dir='ltr'>reclamantibus</span> <span class='ocrx_word' id='word_1_205' title='bbox 720 3461 821 3506; x_wconf 84' lang='lat' dir='ltr'>Abbate</span> <span class='ocrx_word' id='word_1_206' title='bbox 832 3465 858 3505; x_wconf 90' lang='lat' dir='ltr'>et</span> <span class='ocrx_word' id='word_1_207' title='bbox 871 3461 1030 3506; x_wconf 89' lang='lat' dir='ltr'>monachis...</span> <span class='ocrx_word' id='word_1_208' title='bbox 1043 3462 1130 3506; x_wconf 85' lang='lat' dir='ltr'>Sancti</span> <span class='ocrx_word' id='word_1_209' title='bbox 1143 3462 1264 3508; x_wconf 85' lang='lat' dir='ltr'>Germani</span> <span class='ocrx_word' id='word_1_210' title='bbox 1277 3475 1298 3517; x_wconf 75' lang='grc' dir='ltr'>ι,</span> 
     </span>
     <span class='ocr_line' id='line_1_28' title="bbox 234 3541 1299 3599; baseline -0.002 -13"><span class='ocrx_word' id='word_1_211' title='bbox 234 3544 305 3599; x_wconf 87' lang='lat' dir='ltr'>quod</span> <span class='ocrx_word' id='word_1_212' title='bbox 322 3546 348 3587; x_wconf 88' lang='lat' dir='ltr'>et</span> <span class='ocrx_word' id='word_1_213' title='bbox 368 3543 467 3588; x_wconf 87' lang='lat' dir='ltr'>indicat</span> <span class='ocrx_word' id='word_1_214' title='bbox 491 3543 532 3587; x_wconf 89' lang='lat' dir='ltr'>bis</span> <span class='ocrx_word' id='word_1_215' title='bbox 553 3542 639 3586; x_wconf 79' lang='lat' dir='ltr'>verbis</span> <span class='ocrx_word' id='word_1_216' title='bbox 651 3555 657 3586; x_wconf 88' lang='lat'>:</span> <span class='ocrx_word' id='word_1_217' title='bbox 670 3542 745 3586; x_wconf 76' lang='lat' dir='ltr'>«llas</span> <span class='ocrx_word' id='word_1_218' title='bbox 762 3554 853 3586; x_wconf 85' lang='lat' dir='ltr'>omnes</span> <span class='ocrx_word' id='word_1_219' title='bbox 872 3541 1075 3585; x_wconf 85' lang='lat' dir='ltr'>consuetudines</span> <span class='ocrx_word' id='word_1_220' title='bbox 1092 3541 1220 3598; x_wconf 79' lang='lat' dir='ltr'>guerpivi,</span> <span class='ocrx_word' id='word_1_221' title='bbox 1233 3541 1299 3586; x_wconf 88' lang='lat' dir='ltr'>scili-</span> 
     </span>
     <span class='ocr_line' id='line_1_29' title="bbox 233 3620 1299 3680; baseline -0.003 -13"><span class='ocrx_word' id='word_1_222' title='bbox 233 3627 274 3667; x_wconf 88' lang='lat' dir='ltr'>cet</span> <span class='ocrx_word' id='word_1_223' title='bbox 286 3623 337 3667; x_wconf 85' lang='lat' dir='ltr'>mei</span> <span class='ocrx_word' id='word_1_224' title='bbox 352 3623 509 3680; x_wconf 86' lang='lat' dir='ltr'>hospitatem</span> <span class='ocrx_word' id='word_1_225' title='bbox 522 3622 723 3678; x_wconf 85' lang='lat' dir='ltr'>susceptionem,</span> <span class='ocrx_word' id='word_1_226' title='bbox 742 3625 769 3666; x_wconf 87' lang='lat' dir='ltr'>et</span> <span class='ocrx_word' id='word_1_227' title='bbox 789 3634 884 3666; x_wconf 88' lang='lat' dir='ltr'>canum</span> <span class='ocrx_word' id='word_1_228' title='bbox 906 3633 1025 3665; x_wconf 92' lang='lat' dir='ltr'>meorum</span> <span class='ocrx_word' id='word_1_229' title='bbox 1046 3620 1260 3678; x_wconf 84' lang='lat' dir='ltr'>hospitalitatem,</span> <span class='ocrx_word' id='word_1_230' title='bbox 1272 3624 1299 3665; x_wconf 89' lang='lat' dir='ltr'>et</span> 
     </span>
     <span class='ocr_line' id='line_1_30' title="bbox 233 3701 1297 3760; baseline -0.003 -14"><span class='ocrx_word' id='word_1_231' title='bbox 233 3702 367 3760; x_wconf 89' lang='lat' dir='ltr'>pabulum,</span> <span class='ocrx_word' id='word_1_232' title='bbox 385 3715 487 3747; x_wconf 86' lang='lat' dir='ltr'>necnon</span> <span class='ocrx_word' id='word_1_233' title='bbox 508 3701 667 3746; x_wconf 83' lang='lat' dir='ltr'>caballorum</span> <span class='ocrx_word' id='word_1_234' title='bbox 691 3714 810 3745; x_wconf 87' lang='lat' dir='ltr'>meorum</span> <span class='ocrx_word' id='word_1_235' title='bbox 832 3701 1025 3757; x_wconf 83' lang='lat' dir='ltr'>custodumque</span> <span class='ocrx_word' id='word_1_236' title='bbox 1044 3713 1136 3745; x_wconf 89' lang='lat' dir='ltr'>eornm</span> <span class='ocrx_word' id='word_1_237' title='bbox 1155 3704 1297 3758; x_wconf 88' lang='lat' dir='ltr'>receptum,</span> 
     </span>
     <span class='ocr_line' id='line_1_31' title="bbox 232 3780 1298 3840; baseline -0.003 -13"><span class='ocrx_word' id='word_1_238' title='bbox 232 3787 311 3840; x_wconf 84' lang='lat' dir='ltr'>atque</span> <span class='ocrx_word' id='word_1_239' title='bbox 322 3784 375 3828; x_wconf 82' lang='lat' dir='ltr'>vini</span> <span class='ocrx_word' id='word_1_240' title='bbox 389 3785 552 3840; x_wconf 72' lang='lat' dir='ltr'>captionem,</span> <span class='ocrx_word' id='word_1_241' title='bbox 569 3782 676 3838; x_wconf 87' lang='lat' dir='ltr'>insuper</span> <span class='ocrx_word' id='word_1_242' title='bbox 687 3794 778 3825; x_wconf 88' lang='lat' dir='ltr'>omncs</span> <span class='ocrx_word' id='word_1_243' title='bbox 796 3793 862 3837; x_wconf 83' lang='lat' dir='ltr'>quas</span> <span class='ocrx_word' id='word_1_244' title='bbox 879 3780 928 3824; x_wconf 90' lang='lat' dir='ltr'>sibi</span> <span class='ocrx_word' id='word_1_245' title='bbox 943 3781 1088 3825; x_wconf 86' lang='lat' dir='ltr'>dominatio</span> <span class='ocrx_word' id='word_1_246' title='bbox 1098 3784 1236 3837; x_wconf 88' lang='lat' dir='ltr'>potentum</span> <span class='ocrx_word' id='word_1_247' title='bbox 1256 3780 1298 3824; x_wconf 89' lang='lat' dir='ltr'>ad·</span> 
     </span>
     <span class='ocr_line' id='line_1_32' title="bbox 232 3860 1298 3921; baseline -0.003 -14"><span class='ocrx_word' id='word_1_248' title='bbox 232 3864 314 3921; x_wconf 89' lang='lat' dir='ltr'>quirit</span> <span class='ocrx_word' id='word_1_249' title='bbox 326 3863 555 3908; x_wconf 80' lang='lat' dir='ltr'>consuetudines»</span> <span class='ocrx_word' id='word_1_250' title='bbox 573 3862 669 3915; x_wconf 76' lang='lat' dir='ltr'>(Pam,</span> <span class='ocrx_word' id='word_1_251' title='bbox 683 3865 700 3905; x_wconf 89' lang='lat' dir='ltr'>t.</span> <span class='ocrx_word' id='word_1_252' title='bbox 719 3861 737 3912; x_wconf 85' lang='lat' dir='ltr'>l,</span> <span class='ocrx_word' id='word_1_253' title='bbox 755 3862 797 3908; x_wconf 83' lang='lat' dir='ltr'>l‘r.</span> <span class='ocrx_word' id='word_1_254' title='bbox 813 3863 856 3913; x_wconf 77' lang='lat'><strong>28).</strong></span> <span class='ocrx_word' id='word_1_255' title='bbox 876 3860 955 3917; x_wconf 87' lang='lat' dir='ltr'>Quod</span> <span class='ocrx_word' id='word_1_256' title='bbox 974 3861 1161 3905; x_wconf 85' lang='lat' dir='ltr'>documentum</span> <span class='ocrx_word' id='word_1_257' title='bbox 1178 3860 1298 3905; x_wconf 90' lang='lat' dir='ltr'>nonnihil</span> 
     </span>
     <span class='ocr_line' id='line_1_33' title="bbox 233 3940 1199 4000; baseline -0.003 -12"><span class='ocrx_word' id='word_1_258' title='bbox 233 3945 359 3988; x_wconf 83' lang='lat' dir='ltr'>momenti</span> <span class='ocrx_word' id='word_1_259' title='bbox 370 3944 448 3988; x_wconf 84' lang='lat' dir='ltr'>babet</span> <span class='ocrx_word' id='word_1_260' title='bbox 461 3943 522 4000; x_wconf 87' lang='lat' dir='ltr'>quia</span> <span class='ocrx_word' id='word_1_261' title='bbox 531 3943 591 3999; x_wconf 89' lang='lat' dir='ltr'>jura</span> <span class='ocrx_word' id='word_1_262' title='bbox 604 3942 701 3986; x_wconf 83' lang='lat' dir='ltr'>durum</span> <span class='ocrx_word' id='word_1_263' title='bbox 713 3942 870 3997; x_wconf 74' lang='lat' dir='ltr'>Burgundire</span> <span class='ocrx_word' id='word_1_264' title='bbox 884 3942 910 3984; x_wconf 91' lang='lat' dir='ltr'>in</span> <span class='ocrx_word' id='word_1_265' title='bbox 923 3940 1042 3985; x_wconf 88' lang='lat' dir='ltr'>abbatias</span> <span class='ocrx_word' id='word_1_266' title='bbox 1054 3944 1199 3985; x_wconf 86' lang='lat' dir='ltr'>enumerat.</span> 
     </span>
    </p>
   </div>
   <div class='ocr_carea' id='block_1_4' title="bbox 256 4031 985 4284">
    <p class='ocr_par' dir='ltr' id='par_1_5' title="bbox 256 4031 985 4284">
     <span class='ocr_line' id='line_1_34' title="bbox 259 4031 694 4088; baseline -0.007 -11"><span class='ocrx_word' id='word_1_267' title='bbox 259 4046 281 4081; x_wconf 87' lang='lat'>1.</span> <span class='ocrx_word' id='word_1_268' title='bbox 299 4033 385 4085; x_wconf 76' lang='lat' dir='ltr'>Parra,</span> <span class='ocrx_word' id='word_1_269' title='bbox 398 4036 418 4077; x_wconf 87' lang='lat' dir='ltr'>t.</span> <span class='ocrx_word' id='word_1_270' title='bbox 433 4033 453 4088; x_wconf 86' lang='lat'>1,</span> <span class='ocrx_word' id='word_1_271' title='bbox 466 4035 506 4076; x_wconf 87' lang='lat' dir='ltr'>Pr.</span> <span class='ocrx_word' id='word_1_272' title='bbox 519 4034 553 4088; x_wconf 77' lang='lat'>⁶27,</span> <span class='ocrx_word' id='word_1_273' title='bbox 566 4032 601 4086; x_wconf 79' lang='lat'>28,</span> <span class='ocrx_word' id='word_1_274' title='bbox 613 4032 648 4085; x_wconf 81' lang='lat'>30,</span> <span class='ocrx_word' id='word_1_275' title='bbox 661 4031 694 4075; x_wconf 76' lang='lat'>36.</span> 
     </span>
     <span class='ocr_line' id='line_1_35' title="bbox 257 4130 555 4185; baseline 0.007 -11"><span class='ocrx_word' id='word_1_276' title='bbox 257 4143 279 4175; x_wconf 80' lang='lat' dir='ltr'>a.</span> <span class='ocrx_word' id='word_1_277' title='bbox 296 4133 383 4185; x_wconf 78' lang='lat' dir='ltr'>t’nrir,</span> <span class='ocrx_word' id='word_1_278' title='bbox 394 4134 412 4175; x_wconf 89' lang='lat' dir='ltr'>t.</span> <span class='ocrx_word' id='word_1_279' title='bbox 424 4131 442 4185; x_wconf 90' lang='lat'>1,</span> <span class='ocrx_word' id='word_1_280' title='bbox 453 4130 508 4185; x_wconf 86' lang='lat' dir='ltr'>l‘r.,</span> <span class='ocrx_word' id='word_1_281' title='bbox 522 4142 555 4185; x_wconf 79' lang='lat'>17·</span> 
     </span>
     <span class='ocr_line' id='line_1_36' title="bbox 256 4226 985 4284; baseline -0.005 -11"><span class='ocrx_word' id='word_1_282' title='bbox 256 4229 277 4273; x_wconf 84' lang='grc'>3.</span> <span class='ocrx_word' id='word_1_283' title='bbox 292 4229 409 4273; x_wconf 70' lang='lat' dir='ltr'>arros-rs</span> <span class='ocrx_word' id='word_1_284' title='bbox 420 4229 529 4272; x_wconf 77' lang='lat' dir='ltr'>Fmvm.</span> <span class='ocrx_word' id='word_1_285' title='bbox 544 4227 646 4284; x_wconf 67' lang='lat' dir='ltr'>Cbron,</span> <span class='ocrx_word' id='word_1_286' title='bbox 659 4226 703 4271; x_wconf 88' lang='lat' dir='ltr'>lib.</span> <span class='ocrx_word' id='word_1_287' title='bbox 717 4226 869 4282; x_wconf 84' lang='lat' dir='ltr'>l(ss.v111,</span> <span class='ocrx_word' id='word_1_288' title='bbox 883 4238 910 4283; x_wconf 88' lang='lat' dir='ltr'>p.</span> <span class='ocrx_word' id='word_1_289' title='bbox 926 4227 985 4279; x_wconf 82' lang='grc'>368).</span> 
     </span>
    </p>
   </div>
   <div class='ocr_carea' id='block_1_5' title="bbox 230 4322 1295 4462">
    <p class='ocr_par' dir='ltr' id='par_1_6' title="bbox 230 4322 1295 4462">
     <span class='ocr_line' id='line_1_37' title="bbox 257 4322 1295 4384; baseline -0.003 -13"><span class='ocrx_word' id='word_1_290' title='bbox 257 4328 280 4383; x_wconf 65' lang='lat' dir='ltr'>l.</span> <span class='ocrx_word' id='word_1_291' title='bbox 300 4327 456 4373; x_wconf 78' lang='lat' dir='ltr'>Snrosonos,</span> <span class='ocrx_word' id='word_1_292' title='bbox 472 4323 620 4384; x_wconf 73' lang='lat' dir='ltr'>Leltdgimc</span> <span class='ocrx_word' id='word_1_293' title='bbox 638 4322 722 4379; x_wconf 68' lang='lat' dir='ltr'>fitodat</span> <span class='ocrx_word' id='word_1_294' title='bbox 741 4337 771 4368; x_wconf 85' lang='lat' dir='ltr'>en</span> <span class='ocrx_word' id='word_1_295' title='bbox 790 4324 952 4383; x_wconf 73' lang='lat' dir='ltr'>Bourgognr,</span> <span class='ocrx_word' id='word_1_296' title='bbox 965 4336 992 4380; x_wconf 94' lang='lat' dir='ltr'>p.</span> <span class='ocrx_word' id='word_1_297' title='bbox 1010 4325 1056 4377; x_wconf 80' lang='lat'>150,</span> <span class='ocrx_word' id='word_1_298' title='bbox 1068 4326 1093 4368; x_wconf 92' lang='lat' dir='ltr'>et</span> <span class='ocrx_word' id='word_1_299' title='bbox 1112 4326 1295 4379; x_wconf 85' lang='lat' dir='ltr'>n.1,auctore</span> 
     </span>
     <span class='ocr_line' id='line_1_38' title="bbox 230 4404 1000 4462; baseline -0.006 -11"><span class='ocrx_word' id='word_1_300' title='bbox 230 4407 252 4451; x_wconf 87' lang='lat' dir='ltr'>J.</span> <span class='ocrx_word' id='word_1_301' title='bbox 268 4408 396 4462; x_wconf 77' lang='lat' dir='ltr'>Gansmu,</span> <span class='ocrx_word' id='word_1_302' title='bbox 406 4406 514 4451; x_wconf 84' lang='lat' dir='ltr'>custode</span> <span class='ocrx_word' id='word_1_303' title='bbox 526 4406 675 4450; x_wconf 88' lang='lat' dir='ltr'>chartarum</span> <span class='ocrx_word' id='word_1_304' title='bbox 687 4404 841 4460; x_wconf 76' lang='lat' dir='ltr'>Burgundirr</span> <span class='ocrx_word' id='word_1_305' title='bbox 852 4404 1000 4461; x_wconf 76' lang='lat' dir='ltr'>provincia.</span> 
     </span>
    </p>
   </div>
   <div class='ocr_carea' id='block_1_6' title="bbox 233 4501 1295 4643">
    <p class='ocr_par' dir='ltr' id='par_1_7' title="bbox 233 4501 1295 4643">
     <span class='ocr_line' id='line_1_39' title="bbox 256 4501 1295 4562; baseline -0.002 -13"><span class='ocrx_word' id='word_1_306' title='bbox 256 4506 278 4554; x_wconf 87' lang='grc'>5,</span> <span class='ocrx_word' id='word_1_307' title='bbox 298 4506 336 4550; x_wconf 86' lang='lat' dir='ltr'>De</span> <span class='ocrx_word' id='word_1_308' title='bbox 347 4505 503 4562; x_wconf 79' lang='lat' dir='ltr'>tturgnndirn</span> <span class='ocrx_word' id='word_1_309' title='bbox 515 4508 586 4549; x_wconf 87' lang='lat' dir='ltr'>stuta</span> <span class='ocrx_word' id='word_1_310' title='bbox 598 4506 625 4549; x_wconf 91' lang='lat' dir='ltr'>in</span> <span class='ocrx_word' id='word_1_311' title='bbox 637 4504 725 4549; x_wconf 89' lang='lat' dir='ltr'>medio</span> <span class='ocrx_word' id='word_1_312' title='bbox 738 4503 945 4562; x_wconf 86' lang='lat' dir='ltr'>quatuordecimi</span> <span class='ocrx_word' id='word_1_313' title='bbox 958 4502 1047 4558; x_wconf 88' lang='lat' dir='ltr'>seculi,</span> <span class='ocrx_word' id='word_1_314' title='bbox 1060 4502 1157 4560; x_wconf 89' lang='lat' dir='ltr'>optime</span> <span class='ocrx_word' id='word_1_315' title='bbox 1170 4501 1295 4547; x_wconf 85' lang='lat' dir='ltr'>disseruit</span> 
     </span>
     <span class='ocr_line' id='line_1_40' title="bbox 233 4585 773 4643; baseline -0.002 -13"><span class='ocrx_word' id='word_1_316' title='bbox 233 4585 349 4630; x_wconf 72' lang='lat' dir='ltr'>Crinrrrsr</span> <span class='ocrx_word' id='word_1_317' title='bbox 361 4585 570 4641; x_wconf 58' lang='lat' dir='ltr'>(natrcnprrire,</span> <span class='ocrx_word' id='word_1_318' title='bbox 582 4596 608 4642; x_wconf 86' lang='lat' dir='ltr'>p.</span> <span class='ocrx_word' id='word_1_319' title='bbox 622 4597 659 4630; x_wconf 88' lang='lat'>101</span> <span class='ocrx_word' id='word_1_320' title='bbox 673 4589 698 4630; x_wconf 87' lang='lat' dir='ltr'>ct</span> <span class='ocrx_word' id='word_1_321' title='bbox 710 4590 773 4643; x_wconf 84' lang='lat' dir='ltr'>sq.).</span> 
     </span>
    </p>
   </div>
   <div class='ocr_carea' id='block_1_7' title="bbox 0 0 1546 5446">
    <p class='ocr_par' dir='ltr' id='par_1_8' title="bbox 0 0 1546 5446">
     <span class='ocr_line' id='line_1_41' title="bbox 0 0 1546 5446; baseline 0 3"><span class='ocrx_word' id='word_1_322' title='bbox 0 0 1546 5446; x_wconf 95' lang='lat' dir='ltr'> </span> 
     </span>
    </p>
   </div>
  </div>
 </body>
</html>
