3082 5446
744 631 886 689 ..42-

283 772 341 833 tes
356 762 487 854 rejecit
499 771 615 854 atque
630 761 801 832 decrevit
811 760 910 832 filios
923 761 1048 831 adbuc
1060 762 1173 833 vivos
1184 761 1260 832 sibi
1271 784 1356 833 suc·

284 900 459 948 cessuros
472 886 772 969 esse3praeterea
783 877 1109 947 ducatusnobiles
1120 878 1226 971 quod
1239 900 1354 949 cons-

283 994 439 1063 tituerat
458 1014 611 1062 servare
635 992 783 1084 jussit¹.
811 992 940 1080 Quam
963 993 1209 1063 voluntatem
1232 994 1354 1085 plane

281 1108 516 1200 patefactam
534 1107 702 1197 neglexit
722 1107 847 1197 Ilugo,
871 1107 938 1200 qui
961 1107 1060 1177 inter
1076 1108 1234 1178 Henrici
1248 1108 1353 1179 filios

283 1233 378 1293 natu
396 1222 587 1293 maximus
603 1231 697 1309 crat,
724 1231 762 1292 et
787 1223 850 1291 avi
870 1222 1148 1315 patrimonium
1172 1224 1248 1293 sibi
1266 1224 1353 1295 vin-

283 1339 446 1424 dicavit3
483 1338 714 1430 optimatum
753 1337 895 1408 auxilio
936 1337 1104 1429 adjutuS,
1144 1339 1353 1409 victoriam

284 1456 366 1524 sinc
386 1454 490 1523 crede
509 1462 707 1522 assecutus
719 1462 778 1522 est
791 1463 1030 1546 patruosque
1045 1454 1170 1546 patria
1186 1455 1349 1546 expulit.

285 1569 424 1657 Quoad
449 1568 640 1638 Bobertus
671 1567 687 1636 Ι
723 1568 885 1656 vixerat,
926 1567 1133 1639 artificiosa
1160 1570 1352 1662 patientia

284 1707 378 1755 usus
393 1694 487 1767 erat,
504 1706 591 1753 cum
605 1684 659 1752 eis
684 1683 750 1776 qui
770 1684 931 1753 aderant
960 1683 1101 1776 saepius
1121 1685 1317 1756 dictitaret
1339 1709 1348 1755 :

206 1792 210 1797 ’
286 1822 306 1868 «
326 1800 457 1869 Justus
472 1798 661 1868 Dominus
682 1799 748 1890 qui
768 1808 920 1890 patrem
942 1820 1073 1868 meum
1097 1801 1245 1870 mundo
1268 1822 1351 1871 sur·

284 1915 402 2006 ripuit
425 1914 575 2004 prolem
603 1912 684 2004 ejus
707 1913 928 1984 baereditate
954 1913 1085 1985 debita
1112 1937 1193 1985 non
1220 1916 1349 2006 priva-

284 2028 408 2099 bit2».

333 2143 512 2214 Ceterum
535 2143 610 2212 iltae
632 2166 706 2230 res,
727 2167 813 2238 quac
834 2144 1097 2234 Burgundiam
1111 2146 1262 2240 aliquot
1278 2148 1351 2216 sal·

283 2269 362 2329 tem
381 2281 534 2329 menses
561 2260 899 2352 perturbaverunt,
921 2260 1024 2329 haud
1048 2260 1141 2330 satis
1170 2270 1351 2354 apertum

284 2384 342 2444 est
361 2375 496 2468 quales
511 2375 666 2446 luerint.
694 2375 810 2463 Quod
830 2376 879 2445 ad
904 2375 1056 2445 nobiles
1081 2376 1230 2463 attinet,
1253 2387 1350 2448 natu

284 2490 488 2559 minimum
521 2501 635 2584 atque
668 2491 999 2582 imperitissimum
1032 2491 1247 2562 interillos
1280 2493 1350 2585 qui

284 2605 468 2676 ducatum
489 2606 752 2698 postulabant,
770 2607 928 2695 elegisse
949 2606 1141 2694 videntur,
1164 2608 1256 2700 quia
1270 2608 1349 2699 pri-

283 2721 422 2809 vilegia
455 2744 524 2790 sua
550 2722 603 2790 ita
632 2722 763 2810 augeri
781 2743 896 2813 posse
926 2722 1161 2792 censebant:
1184 2722 1349 2793 forsitan

284 2858 439 2928 quoquc
468 2837 580 2927 Ilugo
608 2836 871 2906 Cluniacensis
891 2834 1026 2913 abbas.
1049 2837 1115 2928 qui
1136 2860 1224 2907 cum
1242 2860 1348 2909 novo

282 2953 378 3022 duce
390 2953 558 3022 amicitia
564 2953 721 3044 junctus
732 2951 1104 3038 erat,auctoritatem
1115 2974 1225 3022 suam
1235 2955 1350 3023 inter·

282 3068 467 3160 posuerit.
490 3068 709 3160 Utcumque
730 3091 790 3137 res
801 3077 872 3153 est,
890 3067 1144 3136 successionis
1160 3067 1256 3138 ordo
1267 3089 1349 3139 non

278 3183 360 3273 jam
380 3184 421 3252 in
443 3183 910 3279 posterumperturbatus
937 3192 1005 3252 est.
1029 3182 1152 3252 Immo
1172 3182 1348 3274 Burgun-

283 3299 356 3368 diae
377 3299 541 3368 ducibus
557 3298 791 3368 nullomodo
822 3320 920 3389 opus
940 3307 998 3367 est
1016 3298 1187 3368 Franciae
1211 3320 1350 3389 regum

283 3415 457 3504 artificio,
481 3415 546 3509 qui
567 3413 729 3507 imperio
752 3436 822 3483 suo
843 3413 941 3483 filios
966 3414 1082 3483 otiam
1106 3415 1184 3507 vivi
1203 3414 1348 3485 adscis-

283 3554 367 3601 cere
392 3531 580 3602 solebant.

331 3646 443 3735 Hugo
470 3647 486 3716 l
516 3669 605 3715 cum
637 3646 821 3715 ‹lucutum
859 3644 970 3715 vivus
1003 3644 1175 3730 tradidit,
1211 3645 1347 3716 relicto

281 3763 388 3832 nullo
409 3762 500 3850 lilio,
519 3762 621 3848 Odo,
640 3761 721 3851 ejus
750 3761 879 3847 frater,
907 3760 988 3829 sine
1015 3760 1094 3830 ullo
1123 3760 1346 3831 discrimine

282 4112 336 4144 sem
345 4099 505 4155 episcopum,
512 4097 657 4141 Renaldum
665 4096 885 4141 Flaviniacensem
893 4094 1022 4148 abbatem,
1031 4094 1172 4139 Henricum
1180 4093 1347 4151 Portugallioe

280 4180 410 4224 comitem.
435 4177 473 4221 lle
498 4176 603 4221 Simone
624 4181 711 4221 autem
735 4179 810 4220 caute
824 4176 963 4219 dicendum
976 4177 1016 4219 cst
1035 4174 1107 4232 quod
1119 4174 1225 4218 aliunde
1245 4174 1348 4231 ignora-

281 4265 335 4309 tur.

307 4374 328 4405 1.
346 4361 425 4405 Filios
438 4371 500 4405 suos
513 4355 653 4414 nepotibus
671 4356 725 4400 suis
742 4354 897 4411 grandevus
915 4353 1065 4409 praeposuit,
1078 4365 1208 4409 suumque
1221 4352 1347 4398 ducatum

282 4441 333 4485 illis
346 4442 447 4494 annuit,
458 4444 484 4485 et
494 4438 646 4497 proceribus
659 4436 759 4480 cunctis
771 4438 800 4479 ut
811 4434 895 4479 soboli
908 4445 961 4478 suae
973 4446 1081 4490 prorsus
1101 4434 1264 4478 adhaererent
1283 4445 1348 4491 praa·

284 4522 350 4577 cepit
364 4522 441 4573 (Oun.
455 4520 547 4567 Vrrar..
560 4518 625 4562 Hist.
637 4515 703 4573 cccl,
713 4515 780 4567 xttt,
797 4517 841 4568 15).

307 4630 331 4663 α.
346 4617 416 4663 Onn.
431 4618 523 4665 Vrrar..
542 4616 609 4662 Hist.
624 4614 694 4669 eccl,
706 4613 774 4670 Xlll,
787 4614 822 4657 15.
