<?xml version="1.0" encoding="UTF-8"?>
<!DOCTYPE html PUBLIC "-//W3C//DTD XHTML 1.0 Transitional//EN"
    "http://www.w3.org/TR/xhtml1/DTD/xhtml1-transitional.dtd">
<html xmlns="http://www.w3.org/1999/xhtml" xml:lang="en" lang="en">
 <head>
  <title>
</title>
<meta http-equiv="Content-Type" content="text/html;charset=utf-8" />
  <meta name='ocr-system' content='tesseract 3.04.00' />
  <meta name='ocr-capabilities' content='ocr_page ocr_carea ocr_par ocr_line ocrx_word'/>
</head>
<body>
  <div class='ocr_page' id='page_1' title='image "./quomodoprimiduc00kleigoog_0117.png"; bbox 0 0 3082 5446; ppageno 0'>
   <div class='ocr_carea' id='block_1_1' title="bbox 742 646 880 703">
    <p class='ocr_par' dir='ltr' id='par_1_1' title="bbox 742 646 880 703">
     <span class='ocr_line' id='line_1_1' title="bbox 742 646 880 703; baseline 0.007 -17"><span class='ocrx_word' id='word_1_1' title='bbox 742 646 880 703; x_wconf 72' lang='lat'>-94-</span> 
     </span>
    </p>
   </div>
   <div class='ocr_carea' id='block_1_2' title="bbox 278 774 1383 1338">
    <p class='ocr_par' dir='ltr' id='par_1_2' title="bbox 278 774 1383 1338">
     <span class='ocr_line' id='line_1_2' title="bbox 279 774 1344 868; baseline -0.002 -21"><span class='ocrx_word' id='word_1_2' title='bbox 279 785 446 862; x_wconf 86' lang='lat' dir='ltr'>curator,</span> <span class='ocrx_word' id='word_1_3' title='bbox 459 774 542 866; x_wconf 86' lang='lat' dir='ltr'>jam</span> <span class='ocrx_word' id='word_1_4' title='bbox 560 784 747 845; x_wconf 85' lang='lat' dir='ltr'>venerant</span> <span class='ocrx_word' id='word_1_5' title='bbox 765 775 806 844; x_wconf 91' lang='lat' dir='ltr'>in</span> <span class='ocrx_word' id='word_1_6' title='bbox 829 775 1092 866; x_wconf 83' lang='lat' dir='ltr'>Burgundiam</span> <span class='ocrx_word' id='word_1_7' title='bbox 1116 775 1344 868; x_wconf 90' lang='lat' dir='ltr'>septentrio-</span> 
     </span>
     <span class='ocr_line' id='line_1_3' title="bbox 278 891 1383 983; baseline 0 -22"><span class='ocrx_word' id='word_1_8' title='bbox 278 892 407 962; x_wconf 88' lang='lat' dir='ltr'>nalem</span> <span class='ocrx_word' id='word_1_9' title='bbox 440 913 528 960; x_wconf 88' lang='lat' dir='ltr'>cum</span> <span class='ocrx_word' id='word_1_10' title='bbox 560 891 729 961; x_wconf 85' lang='lat' dir='ltr'>exercitu</span> <span class='ocrx_word' id='word_1_11' title='bbox 770 891 820 961; x_wconf 91' lang='lat' dir='ltr'>ad</span> <span class='ocrx_word' id='word_1_12' title='bbox 851 914 989 983; x_wconf 81' lang='lat' dir='ltr'>pacem</span> <span class='ocrx_word' id='word_1_13' title='bbox 1026 891 1342 963; x_wconf 90' lang='lat' dir='ltr'>restituendam¹.</span> <span class='ocrx_word' id='word_1_14' title='bbox 1379 953 1383 961; x_wconf 89' lang='lat'>.</span> 
     </span>
     <span class='ocr_line' id='line_1_4' title="bbox 280 1005 1343 1100; baseline 0 -23"><span class='ocrx_word' id='word_1_15' title='bbox 280 1008 402 1078; x_wconf 85' lang='lat' dir='ltr'>Immo</span> <span class='ocrx_word' id='word_1_16' title='bbox 430 1029 539 1097; x_wconf 84' lang='lat' dir='ltr'>reges</span> <span class='ocrx_word' id='word_1_17' title='bbox 564 1007 628 1098; x_wconf 87' lang='lat' dir='ltr'>jus</span> <span class='ocrx_word' id='word_1_18' title='bbox 658 1005 911 1076; x_wconf 83' lang='lat' dir='ltr'>confirmandi</span> <span class='ocrx_word' id='word_1_19' title='bbox 939 1008 1143 1100; x_wconf 89' lang='lat' dir='ltr'>episcopos</span> <span class='ocrx_word' id='word_1_20' title='bbox 1177 1005 1343 1077; x_wconf 83' lang='lat' dir='ltr'>electos’</span> 
     </span>
     <span class='ocr_line' id='line_1_5' title="bbox 278 1123 1344 1217; baseline 0.001 -25"><span class='ocrx_word' id='word_1_21' title='bbox 278 1124 641 1217; x_wconf 86' lang='lat' dir='ltr'>praecipuorumque</span> <span class='ocrx_word' id='word_1_22' title='bbox 669 1124 993 1193; x_wconf 79' lang='lat' dir='ltr'><strong>monasteriorum</strong></span> <span class='ocrx_word' id='word_1_23' title='bbox 1024 1124 1225 1216; x_wconf 85' lang='lat' dir='ltr'>privilegia</span> <span class='ocrx_word' id='word_1_24' title='bbox 1257 1123 1344 1193; x_wconf 90' lang='lat' dir='ltr'>reti-</span> 
     </span>
     <span class='ocr_line' id='line_1_6' title="bbox 278 1238 1376 1338; baseline -0.003 -27"><span class='ocrx_word' id='word_1_25' title='bbox 278 1239 487 1327; x_wconf 81' lang='lat' dir='ltr'>nuerant³3</span> <span class='ocrx_word' id='word_1_26' title='bbox 514 1247 648 1310; x_wconf 86' lang='lat' dir='ltr'>contra</span> <span class='ocrx_word' id='word_1_27' title='bbox 674 1261 800 1338; x_wconf 17' lang='lat' dir='ltr'>quam·</span> <span class='ocrx_word' id='word_1_28' title='bbox 813 1239 986 1332; x_wconf 86' lang='lat' dir='ltr'>episcopi</span> <span class='ocrx_word' id='word_1_29' title='bbox 1005 1238 1139 1310; x_wconf 84' lang='lat' dir='ltr'>adesse</span> <span class='ocrx_word' id='word_1_30' title='bbox 1166 1239 1344 1310; x_wconf 87' lang='lat' dir='ltr'>solebant</span> <span class='ocrx_word' id='word_1_31' title='bbox 1373 1304 1376 1308; x_wconf 85' lang='lat'>.</span> 
     </span>
    </p>
   </div>
   <div class='ocr_carea' id='block_1_3' title="bbox 185 1540 1345 4725">
    <p class='ocr_par' dir='ltr' id='par_1_3' title="bbox 277 1540 1345 2324">
     <span class='ocr_line' id='line_1_7' title="bbox 306 1540 1345 1599; baseline 0.001 -15"><span class='ocrx_word' id='word_1_32' title='bbox 306 1551 327 1584; x_wconf 94' lang='lat'>1.</span> <span class='ocrx_word' id='word_1_33' title='bbox 341 1541 381 1585; x_wconf 87' lang='lat' dir='ltr'>lta</span> <span class='ocrx_word' id='word_1_34' title='bbox 391 1541 561 1597; x_wconf 80' lang='lat' dir='ltr'>intelligenda</span> <span class='ocrx_word' id='word_1_35' title='bbox 579 1545 648 1595; x_wconf 90' lang='lat' dir='ltr'>sunt,</span> <span class='ocrx_word' id='word_1_36' title='bbox 661 1545 691 1587; x_wconf 92' lang='lat' dir='ltr'>ut</span> <span class='ocrx_word' id='word_1_37' title='bbox 703 1542 811 1599; x_wconf 88' lang='lat' dir='ltr'>quidem</span> <span class='ocrx_word' id='word_1_38' title='bbox 821 1541 886 1586; x_wconf 90' lang='lat' dir='ltr'>mihi</span> <span class='ocrx_word' id='word_1_39' title='bbox 898 1541 1011 1594; x_wconf 87' lang='lat' dir='ltr'>videtur.</span> <span class='ocrx_word' id='word_1_40' title='bbox 1025 1540 1078 1586; x_wconf 89' lang='lat' dir='ltr'>duo</span> <span class='ocrx_word' id='word_1_41' title='bbox 1091 1540 1249 1586; x_wconf 88' lang='lat' dir='ltr'>documenta</span> <span class='ocrx_word' id='word_1_42' title='bbox 1265 1552 1345 1585; x_wconf 86' lang='lat' dir='ltr'>auno·</span> 
     </span>
     <span class='ocr_line' id='line_1_8' title="bbox 279 1621 1345 1677; baseline 0 -13"><span class='ocrx_word' id='word_1_43' title='bbox 279 1633 338 1665; x_wconf 88' lang='lat' dir='ltr'>rum</span> <span class='ocrx_word' id='word_1_44' title='bbox 352 1622 404 1677; x_wconf 74' lang='lat'>1⁰4⁰</span> <span class='ocrx_word' id='word_1_45' title='bbox 415 1625 441 1666; x_wconf 90' lang='lat' dir='ltr'>et</span> <span class='ocrx_word' id='word_1_46' title='bbox 452 1623 517 1666; x_wconf 83' lang='lat'>1060:</span> <span class='ocrx_word' id='word_1_47' title='bbox 530 1634 550 1666; x_wconf 80' lang='lat'>1⁰</span> <span class='ocrx_word' id='word_1_48' title='bbox 562 1622 616 1667; x_wconf 88' lang='lat' dir='ltr'>Rex</span> <span class='ocrx_word' id='word_1_49' title='bbox 628 1622 765 1676; x_wconf 83' lang='lat' dir='ltr'>Henricus,</span> <span class='ocrx_word' id='word_1_50' title='bbox 773 1635 832 1666; x_wconf 90' lang='lat' dir='ltr'>cum</span> <span class='ocrx_word' id='word_1_51' title='bbox 844 1623 960 1667; x_wconf 88' lang='lat' dir='ltr'>maximo</span> <span class='ocrx_word' id='word_1_52' title='bbox 975 1622 1091 1667; x_wconf 85' lang='lat' dir='ltr'>exercitu</span> <span class='ocrx_word' id='word_1_53' title='bbox 1103 1621 1212 1666; x_wconf 88' lang='lat' dir='ltr'>veniens</span> <span class='ocrx_word' id='word_1_54' title='bbox 1228 1621 1345 1677; x_wconf 80' lang='lat' dir='ltr'>Burgun-</span> 
     </span>
     <span class='ocr_line' id='line_1_9' title="bbox 279 1696 1344 1760; baseline -0.001 -15"><span class='ocrx_word' id='word_1_55' title='bbox 279 1696 376 1746; x_wconf 87' lang='lat' dir='ltr'>diam...</span> <span class='ocrx_word' id='word_1_56' title='bbox 389 1701 476 1753; x_wconf 86' lang='lat' dir='ltr'>(Gesta</span> <span class='ocrx_word' id='word_1_57' title='bbox 484 1701 580 1760; x_wconf 83' lang='lat' dir='ltr'>Pontis,</span> <span class='ocrx_word' id='word_1_58' title='bbox 592 1704 665 1746; x_wconf 83' lang='lat' dir='ltr'>auiis.</span> <span class='ocrx_word' id='word_1_59' title='bbox 676 1702 733 1747; x_wconf 80' lang='lat' dir='ltr'>atat.</span> <span class='ocrx_word' id='word_1_60' title='bbox 745 1703 804 1747; x_wconf 82' lang='lat' dir='ltr'>hist.</span> <span class='ocrx_word' id='word_1_61' title='bbox 816 1702 846 1747; x_wconf 84' lang='lat' dir='ltr'>de</span> <span class='ocrx_word' id='word_1_62' title='bbox 859 1702 971 1757; x_wconf 87' lang='lat' dir='ltr'>l’Yoane,</span> <span class='ocrx_word' id='word_1_63' title='bbox 982 1705 1003 1747; x_wconf 87' lang='lat' dir='ltr'>t.</span> <span class='ocrx_word' id='word_1_64' title='bbox 1019 1703 1038 1758; x_wconf 91' lang='lat'>1,</span> <span class='ocrx_word' id='word_1_65' title='bbox 1048 1715 1073 1758; x_wconf 92' lang='lat' dir='ltr'>p.</span> <span class='ocrx_word' id='word_1_66' title='bbox 1086 1703 1143 1758; x_wconf 78' lang='grc'>399).</span> <span class='ocrx_word' id='word_1_67' title='bbox 1156 1712 1177 1745; x_wconf 74' lang='lat'>2⁰</span> <span class='ocrx_word' id='word_1_68' title='bbox 1185 1701 1253 1746; x_wconf 92' lang='lat' dir='ltr'>lllud</span> <span class='ocrx_word' id='word_1_69' title='bbox 1265 1702 1344 1745; x_wconf 88' lang='lat' dir='ltr'>etiam</span> 
     </span>
     <span class='ocr_line' id='line_1_10' title="bbox 278 1781 1344 1844; baseline -0.001 -19"><span class='ocrx_word' id='word_1_70' title='bbox 278 1782 374 1826; x_wconf 84' lang='lat' dir='ltr'>referre</span> <span class='ocrx_word' id='word_1_71' title='bbox 391 1782 565 1826; x_wconf 88' lang='lat' dir='ltr'>honorificum</span> <span class='ocrx_word' id='word_1_72' title='bbox 581 1787 622 1828; x_wconf 93' lang='lat' dir='ltr'>est</span> <span class='ocrx_word' id='word_1_73' title='bbox 639 1782 671 1827; x_wconf 91' lang='lat' dir='ltr'>de</span> <span class='ocrx_word' id='word_1_74' title='bbox 684 1782 813 1828; x_wconf 86' lang='lat' dir='ltr'>Balduino</span> <span class='ocrx_word' id='word_1_75' title='bbox 823 1782 977 1844; x_wconf 86' lang='lat' dir='ltr'>Flandrensi</span> <span class='ocrx_word' id='word_1_76' title='bbox 989 1782 1098 1838; x_wconf 82' lang='lat' dir='ltr'>Gemite,</span> <span class='ocrx_word' id='word_1_77' title='bbox 1108 1782 1154 1838; x_wconf 90' lang='lat' dir='ltr'>qui</span> <span class='ocrx_word' id='word_1_78' title='bbox 1166 1794 1226 1827; x_wconf 89' lang='lat' dir='ltr'>cum</span> <span class='ocrx_word' id='word_1_79' title='bbox 1237 1781 1344 1826; x_wconf 82' lang='lat' dir='ltr'>militari</span> 
     </span>
     <span class='ocr_line' id='line_1_11' title="bbox 278 1861 1343 1921; baseline -0.001 -15"><span class='ocrx_word' id='word_1_80' title='bbox 278 1874 329 1906; x_wconf 88' lang='lat' dir='ltr'>usu</span> <span class='ocrx_word' id='word_1_81' title='bbox 348 1861 469 1920; x_wconf 89' lang='lat' dir='ltr'>Philippo</span> <span class='ocrx_word' id='word_1_82' title='bbox 488 1863 551 1920; x_wconf 83' lang='lat' dir='ltr'>Regi</span> <span class='ocrx_word' id='word_1_83' title='bbox 572 1864 740 1919; x_wconf 78' lang='lat' dir='ltr'>Francorum,</span> <span class='ocrx_word' id='word_1_84' title='bbox 759 1866 851 1921; x_wconf 82' lang='lat' dir='ltr'>utpote</span> <span class='ocrx_word' id='word_1_85' title='bbox 873 1863 1006 1908; x_wconf 90' lang='lat' dir='ltr'>Palatinus</span> <span class='ocrx_word' id='word_1_86' title='bbox 1027 1862 1127 1915; x_wconf 89' lang='lat' dir='ltr'>Comes,</span> <span class='ocrx_word' id='word_1_87' title='bbox 1145 1862 1296 1918; x_wconf 81' lang='lat' dir='ltr'>deserviret,</span> <span class='ocrx_word' id='word_1_88' title='bbox 1310 1861 1343 1905; x_wconf 88' lang='lat' dir='ltr'>ad</span> 
     </span>
     <span class='ocr_line' id='line_1_12' title="bbox 277 1942 1344 2001; baseline -0.001 -15"><span class='ocrx_word' id='word_1_89' title='bbox 277 1942 471 1987; x_wconf 89' lang='lat' dir='ltr'>retundendam</span> <span class='ocrx_word' id='word_1_90' title='bbox 487 1943 638 1999; x_wconf 81' lang='lat' dir='ltr'>superbiam</span> <span class='ocrx_word' id='word_1_91' title='bbox 654 1944 838 2001; x_wconf 88' lang='lat' dir='ltr'>quorumdam,</span> <span class='ocrx_word' id='word_1_92' title='bbox 851 1943 897 2000; x_wconf 90' lang='lat' dir='ltr'>qui</span> <span class='ocrx_word' id='word_1_93' title='bbox 915 1944 943 1987; x_wconf 91' lang='lat' dir='ltr'>in</span> <span class='ocrx_word' id='word_1_94' title='bbox 958 1943 1077 1999; x_wconf 87' lang='lat' dir='ltr'>partibus</span> <span class='ocrx_word' id='word_1_95' title='bbox 1090 1943 1179 1989; x_wconf 75' lang='lat' dir='ltr'>Galliae</span> <span class='ocrx_word' id='word_1_96' title='bbox 1189 1945 1216 1987; x_wconf 90' lang='lat' dir='ltr'>et</span> <span class='ocrx_word' id='word_1_97' title='bbox 1227 1942 1344 1998; x_wconf 77' lang='lat' dir='ltr'>Burgun-</span> 
     </span>
     <span class='ocr_line' id='line_1_13' title="bbox 278 2021 1343 2080; baseline 0 -14"><span class='ocrx_word' id='word_1_98' title='bbox 278 2021 327 2066; x_wconf 86' lang='lat' dir='ltr'>diae</span> <span class='ocrx_word' id='word_1_99' title='bbox 345 2022 454 2078; x_wconf 86' lang='lat' dir='ltr'>praeiato</span> <span class='ocrx_word' id='word_1_100' title='bbox 473 2023 535 2079; x_wconf 76' lang='lat' dir='ltr'>Regi</span> <span class='ocrx_word' id='word_1_101' title='bbox 552 2035 697 2080; x_wconf 84' lang='lat' dir='ltr'>repugnare</span> <span class='ocrx_word' id='word_1_102' title='bbox 715 2024 858 2080; x_wconf 88' lang='lat' dir='ltr'>cupientes,</span> <span class='ocrx_word' id='word_1_103' title='bbox 878 2023 1006 2068; x_wconf 90' lang='lat' dir='ltr'>adversus</span> <span class='ocrx_word' id='word_1_104' title='bbox 1024 2035 1085 2067; x_wconf 90' lang='lat' dir='ltr'>eum</span> <span class='ocrx_word' id='word_1_105' title='bbox 1102 2023 1190 2068; x_wconf 88' lang='lat' dir='ltr'>servili</span> <span class='ocrx_word' id='word_1_106' title='bbox 1208 2023 1343 2067; x_wconf 74' lang='lat' dir='ltr'>ferocitate</span> 
     </span>
     <span class='ocr_line' id='line_1_14' title="bbox 277 2102 1343 2161; baseline 0 -15"><span class='ocrx_word' id='word_1_107' title='bbox 277 2102 404 2147; x_wconf 85' lang='lat' dir='ltr'>rebellare</span> <span class='ocrx_word' id='word_1_108' title='bbox 415 2103 618 2150; x_wconf 86' lang='lat' dir='ltr'>contendebant.</span> <span class='ocrx_word' id='word_1_109' title='bbox 632 2105 674 2148; x_wconf 87' lang='lat' dir='ltr'>Ad</span> <span class='ocrx_word' id='word_1_110' title='bbox 684 2117 798 2161; x_wconf 92' lang='lat' dir='ltr'>quorum</span> <span class='ocrx_word' id='word_1_111' title='bbox 809 2104 1016 2149; x_wconf 87' lang='lat' dir='ltr'>convincendam</span> <span class='ocrx_word' id='word_1_112' title='bbox 1024 2103 1193 2148; x_wconf 89' lang='lat' dir='ltr'>rebellionem</span> <span class='ocrx_word' id='word_1_113' title='bbox 1203 2103 1343 2160; x_wconf 76' lang='lat' dir='ltr'>praedictus</span> 
     </span>
     <span class='ocr_line' id='line_1_15' title="bbox 277 2183 1344 2242; baseline -0.001 -15"><span class='ocrx_word' id='word_1_114' title='bbox 277 2183 371 2227; x_wconf 90' lang='lat' dir='ltr'>Comes</span> <span class='ocrx_word' id='word_1_115' title='bbox 393 2185 498 2238; x_wconf 87' lang='lat' dir='ltr'>accitus,</span> <span class='ocrx_word' id='word_1_116' title='bbox 513 2196 572 2229; x_wconf 89' lang='lat' dir='ltr'>cum</span> <span class='ocrx_word' id='word_1_117' title='bbox 596 2187 724 2242; x_wconf 88' lang='lat' dir='ltr'>apparatu</span> <span class='ocrx_word' id='word_1_118' title='bbox 735 2184 903 2229; x_wconf 88' lang='lat' dir='ltr'>Flandrensis</span> <span class='ocrx_word' id='word_1_119' title='bbox 915 2184 1013 2228; x_wconf 78' lang='lat' dir='ltr'>militiae</span> <span class='ocrx_word' id='word_1_120' title='bbox 1026 2185 1124 2241; x_wconf 87' lang='lat' dir='ltr'>optima</span> <span class='ocrx_word' id='word_1_121' title='bbox 1137 2187 1211 2228; x_wconf 86' lang='lat' dir='ltr'>terrae</span> <span class='ocrx_word' id='word_1_122' title='bbox 1223 2185 1344 2240; x_wconf 77' lang='lat' dir='ltr'>peragrat</span> 
     </span>
     <span class='ocr_line' id='line_1_16' title="bbox 277 2263 1342 2324; baseline -0.001 -17"><span class='ocrx_word' id='word_1_123' title='bbox 277 2264 364 2321; x_wconf 81' lang='lat' dir='ltr'>opida,</span> <span class='ocrx_word' id='word_1_124' title='bbox 381 2264 510 2321; x_wconf 88' lang='lat' dir='ltr'>villasque</span> <span class='ocrx_word' id='word_1_125' title='bbox 523 2265 666 2322; x_wconf 85' lang='lat' dir='ltr'>depopulat</span> <span class='ocrx_word' id='word_1_126' title='bbox 677 2263 726 2317; x_wconf 78' lang='lat' dir='ltr'>(Ex</span> <span class='ocrx_word' id='word_1_127' title='bbox 738 2263 867 2309; x_wconf 83' lang='lat' dir='ltr'>miraculis</span> <span class='ocrx_word' id='word_1_128' title='bbox 879 2264 906 2308; x_wconf 88' lang='lat' dir='ltr'>S.</span> <span class='ocrx_word' id='word_1_129' title='bbox 919 2263 1010 2324; x_wconf 85' lang='lat' dir='ltr'>Agilii,</span> <span class='ocrx_word' id='word_1_130' title='bbox 1030 2265 1061 2309; x_wconf 88' lang='grc' dir='ltr'>Η.</span> <span class='ocrx_word' id='word_1_131' title='bbox 1078 2264 1105 2308; x_wconf 85' lang='lat' dir='ltr'>F.</span> <span class='ocrx_word' id='word_1_132' title='bbox 1117 2264 1159 2314; x_wconf 87' lang='lat' dir='ltr'>XI.</span> <span class='ocrx_word' id='word_1_133' title='bbox 1174 2265 1230 2320; x_wconf 68' lang='lat' dir='ltr'>itti·</span> <span class='ocrx_word' id='word_1_134' title='bbox 1246 2287 1274 2297; x_wconf 90' lang='lat'>-</span> <span class='ocrx_word' id='word_1_135' title='bbox 1285 2263 1342 2308; x_wconf 85' lang='lat' dir='ltr'>Haec</span> 
     </span>
    </p>

    <p class='ocr_par' dir='ltr' id='par_1_4' title="bbox 185 2343 1342 2642">
     <span class='ocr_line' id='line_1_17' title="bbox 185 2343 1342 2403; baseline 0 -16"><span class='ocrx_word' id='word_1_136' title='bbox 185 2379 189 2387; x_wconf 93' lang='lat'>.</span> <span class='ocrx_word' id='word_1_137' title='bbox 276 2343 369 2388; x_wconf 86' lang='lat' dir='ltr'>ultima</span> <span class='ocrx_word' id='word_1_138' title='bbox 381 2343 461 2389; x_wconf 88' lang='lat' dir='ltr'>verba</span> <span class='ocrx_word' id='word_1_139' title='bbox 480 2345 587 2402; x_wconf 88' lang='lat' dir='ltr'>quidem</span> <span class='ocrx_word' id='word_1_140' title='bbox 610 2348 673 2390; x_wconf 90' lang='lat' dir='ltr'>sunt</span> <span class='ocrx_word' id='word_1_141' title='bbox 694 2345 812 2398; x_wconf 86' lang='lat' dir='ltr'>obscura,</span> <span class='ocrx_word' id='word_1_142' title='bbox 834 2349 861 2390; x_wconf 87' lang='lat' dir='ltr'>et</span> <span class='ocrx_word' id='word_1_143' title='bbox 883 2348 1002 2403; x_wconf 88' lang='lat' dir='ltr'>spectant</span> <span class='ocrx_word' id='word_1_144' title='bbox 1022 2345 1133 2389; x_wconf 85' lang='lat' dir='ltr'>fortasse</span> <span class='ocrx_word' id='word_1_145' title='bbox 1152 2344 1186 2388; x_wconf 89' lang='lat' dir='ltr'>ad</span> <span class='ocrx_word' id='word_1_146' title='bbox 1200 2344 1342 2400; x_wconf 86' lang='lat' dir='ltr'>quemdam</span> 
     </span>
     <span class='ocr_line' id='line_1_18' title="bbox 277 2424 1342 2484; baseline -0.002 -15"><span class='ocrx_word' id='word_1_147' title='bbox 277 2424 446 2469; x_wconf 90' lang='lat' dir='ltr'>rebellionem</span> <span class='ocrx_word' id='word_1_148' title='bbox 467 2438 595 2482; x_wconf 77' lang='lat' dir='ltr'>pagorum</span> <span class='ocrx_word' id='word_1_149' title='bbox 619 2426 776 2482; x_wconf 77' lang='lat' dir='ltr'>Burgundiae</span> <span class='ocrx_word' id='word_1_150' title='bbox 800 2426 907 2471; x_wconf 90' lang='lat' dir='ltr'>ducatui</span> <span class='ocrx_word' id='word_1_151' title='bbox 933 2426 1115 2484; x_wconf 84' lang='lat' dir='ltr'>adjacentium,</span> <span class='ocrx_word' id='word_1_152' title='bbox 1146 2425 1259 2469; x_wconf 78' lang='lat' dir='ltr'>Franciae</span> <span class='ocrx_word' id='word_1_153' title='bbox 1287 2424 1342 2480; x_wconf 77' lang='lat' dir='ltr'>regi</span> 
     </span>
     <span class='ocr_line' id='line_1_19' title="bbox 276 2504 1342 2563; baseline -0.002 -13"><span class='ocrx_word' id='word_1_154' title='bbox 276 2509 364 2550; x_wconf 86' lang='lat' dir='ltr'>autem</span> <span class='ocrx_word' id='word_1_155' title='bbox 376 2506 573 2562; x_wconf 91' lang='lat' dir='ltr'>pertinentium.</span> <span class='ocrx_word' id='word_1_156' title='bbox 589 2506 736 2563; x_wconf 83' lang='lat' dir='ltr'>Utcumque</span> <span class='ocrx_word' id='word_1_157' title='bbox 748 2518 790 2550; x_wconf 90' lang='lat' dir='ltr'>res</span> <span class='ocrx_word' id='word_1_158' title='bbox 803 2509 850 2561; x_wconf 88' lang='lat' dir='ltr'>est,</span> <span class='ocrx_word' id='word_1_159' title='bbox 863 2505 973 2550; x_wconf 89' lang='lat' dir='ltr'>dubium</span> <span class='ocrx_word' id='word_1_160' title='bbox 988 2508 1028 2550; x_wconf 92' lang='lat' dir='ltr'>est</span> <span class='ocrx_word' id='word_1_161' title='bbox 1040 2518 1103 2549; x_wconf 93' lang='lat' dir='ltr'>num</span> <span class='ocrx_word' id='word_1_162' title='bbox 1115 2505 1272 2561; x_wconf 77' lang='lat' dir='ltr'>Burgundiae</span> <span class='ocrx_word' id='word_1_163' title='bbox 1287 2504 1342 2548; x_wconf 87' lang='lat' dir='ltr'>dux</span> 
     </span>
     <span class='ocr_line' id='line_1_20' title="bbox 275 2584 1328 2642; baseline 0.002 -10"><span class='ocrx_word' id='word_1_164' title='bbox 275 2587 404 2632; x_wconf 86' lang='lat' dir='ltr'>adversus</span> <span class='ocrx_word' id='word_1_165' title='bbox 416 2598 503 2642; x_wconf 79' lang='lat' dir='ltr'>regem</span> <span class='ocrx_word' id='word_1_166' title='bbox 516 2587 663 2634; x_wconf 88' lang='lat' dir='ltr'>rebellaret.</span> <span class='ocrx_word' id='word_1_167' title='bbox 1325 2584 1328 2588; x_wconf 75' lang='grc'><strong>’</strong></span> 
     </span>
    </p>

    <p class='ocr_par' dir='ltr' id='par_1_5' title="bbox 273 2664 1343 3688">
     <span class='ocr_line' id='line_1_21' title="bbox 302 2664 1343 2726; baseline -0.004 -14"><span class='ocrx_word' id='word_1_168' title='bbox 302 2679 325 2712; x_wconf 87' lang='grc'>9.</span> <span class='ocrx_word' id='word_1_169' title='bbox 338 2666 418 2725; x_wconf 86' lang='lat' dir='ltr'>Quod</span> <span class='ocrx_word' id='word_1_170' title='bbox 427 2670 542 2724; x_wconf 84' lang='lat' dir='ltr'>apparet,</span> <span class='ocrx_word' id='word_1_171' title='bbox 554 2668 576 2713; x_wconf 91' lang='lat' dir='ltr'>si</span> <span class='ocrx_word' id='word_1_172' title='bbox 588 2668 723 2726; x_wconf 90' lang='lat' dir='ltr'>quomodo</span> <span class='ocrx_word' id='word_1_173' title='bbox 733 2667 808 2713; x_wconf 90' lang='lat' dir='ltr'>electi</span> <span class='ocrx_word' id='word_1_174' title='bbox 816 2667 868 2712; x_wconf 93' lang='lat' dir='ltr'>sint</span> <span class='ocrx_word' id='word_1_175' title='bbox 881 2666 1125 2712; x_wconf 67' lang='lat' dir='ltr'>autissiodorenses</span> <span class='ocrx_word' id='word_1_176' title='bbox 1135 2664 1251 2722; x_wconf 89' lang='lat' dir='ltr'>episcopi</span> <span class='ocrx_word' id='word_1_177' title='bbox 1260 2664 1343 2709; x_wconf 92' lang='lat' dir='ltr'>consi·</span> 
     </span>
     <span class='ocr_line' id='line_1_22' title="bbox 276 2745 1342 2805; baseline -0.001 -15"><span class='ocrx_word' id='word_1_178' title='bbox 276 2746 360 2792; x_wconf 85' lang='lat' dir='ltr'>deras.</span> <span class='ocrx_word' id='word_1_179' title='bbox 372 2772 400 2781; x_wconf 94' lang='lat'>-</span> <span class='ocrx_word' id='word_1_180' title='bbox 411 2749 490 2793; x_wconf 84' lang='lat' dir='ltr'>Auno</span> <span class='ocrx_word' id='word_1_181' title='bbox 507 2749 557 2803; x_wconf 73' lang='lat'><strong>¹⁰4⁰</strong></span> <span class='ocrx_word' id='word_1_182' title='bbox 569 2749 707 2805; x_wconf 89' lang='lat' dir='ltr'>episcopus</span> <span class='ocrx_word' id='word_1_183' title='bbox 720 2751 760 2792; x_wconf 90' lang='lat' dir='ltr'>est</span> <span class='ocrx_word' id='word_1_184' title='bbox 776 2748 820 2792; x_wconf 93' lang='lat' dir='ltr'>ille</span> <span class='ocrx_word' id='word_1_185' title='bbox 832 2747 985 2793; x_wconf 88' lang='lat' dir='ltr'>Heribertus</span> <span class='ocrx_word' id='word_1_186' title='bbox 1004 2760 1016 2792; x_wconf 74' lang='grc' dir='ltr'>ι</span> <span class='ocrx_word' id='word_1_187' title='bbox 1035 2759 1115 2804; x_wconf 87' lang='lat' dir='ltr'>quem</span> <span class='ocrx_word' id='word_1_188' title='bbox 1127 2750 1276 2792; x_wconf 81' lang='lat' dir='ltr'>antecessor</span> <span class='ocrx_word' id='word_1_189' title='bbox 1285 2745 1342 2804; x_wconf 88' lang='lat' dir='ltr'>ejus</span> 
     </span>
     <span class='ocr_line' id='line_1_23' title="bbox 275 2826 1343 2891; baseline -0.001 -20"><span class='ocrx_word' id='word_1_190' title='bbox 275 2826 350 2884; x_wconf 80' lang='lat' dir='ltr'>Hugo</span> <span class='ocrx_word' id='word_1_191' title='bbox 361 2828 388 2872; x_wconf 92' lang='lat' dir='ltr'>in</span> <span class='ocrx_word' id='word_1_192' title='bbox 400 2828 582 2885; x_wconf 88' lang='lat' dir='ltr'>pontificatum</span> <span class='ocrx_word' id='word_1_193' title='bbox 594 2829 680 2885; x_wconf 76' lang='lat' dir='ltr'>elegit,</span> <span class='ocrx_word' id='word_1_194' title='bbox 692 2829 734 2874; x_wconf 90' lang='lat' dir='ltr'>cui</span> <span class='ocrx_word' id='word_1_195' title='bbox 743 2829 915 2885; x_wconf 91' lang='lat' dir='ltr'>postmodum</span> <span class='ocrx_word' id='word_1_196' title='bbox 932 2841 978 2873; x_wconf 87' lang='lat' dir='ltr'>rex</span> <span class='ocrx_word' id='word_1_197' title='bbox 990 2827 1148 2891; x_wconf 52' lang='lat' dir='ltr'>Henricus3..</span> <span class='ocrx_word' id='word_1_198' title='bbox 1161 2827 1343 2884; x_wconf 88' lang='lat' dir='ltr'>episcopatum</span> 
     </span>
     <span class='ocr_line' id='line_1_24' title="bbox 275 2905 1343 2972; baseline -0.002 -20"><span class='ocrx_word' id='word_1_199' title='bbox 275 2919 308 2952; x_wconf 86' lang='lat' dir='ltr'>ex</span> <span class='ocrx_word' id='word_1_200' title='bbox 320 2919 393 2952; x_wconf 87' lang='lat' dir='ltr'>more</span> <span class='ocrx_word' id='word_1_201' title='bbox 403 2908 502 2952; x_wconf 89' lang='lat' dir='ltr'>dedit...</span> <span class='ocrx_word' id='word_1_202' title='bbox 513 2907 578 2952; x_wconf 92' lang='lat' dir='ltr'>duce</span> <span class='ocrx_word' id='word_1_203' title='bbox 589 2908 739 2972; x_wconf 74' lang='lat' dir='ltr'>Burgundie</span> <span class='ocrx_word' id='word_1_204' title='bbox 748 2907 871 2964; x_wconf 86' lang='lat' dir='ltr'>Roberto,</span> <span class='ocrx_word' id='word_1_205' title='bbox 880 2909 960 2965; x_wconf 89' lang='lat' dir='ltr'>quiin</span> <span class='ocrx_word' id='word_1_206' title='bbox 971 2912 1090 2965; x_wconf 88' lang='lat' dir='ltr'>tempore</span> <span class='ocrx_word' id='word_1_207' title='bbox 1103 2907 1188 2952; x_wconf 89' lang='lat' dir='ltr'>adhuc</span> <span class='ocrx_word' id='word_1_208' title='bbox 1200 2919 1248 2951; x_wconf 89' lang='lat' dir='ltr'>suo</span> <span class='ocrx_word' id='word_1_209' title='bbox 1256 2905 1343 2951; x_wconf 84' lang='lat' dir='ltr'>Autis-</span> 
     </span>
     <span class='ocr_line' id='line_1_25' title="bbox 274 2987 1342 3046; baseline -0.002 -14"><span class='ocrx_word' id='word_1_210' title='bbox 274 2988 381 3033; x_wconf 88' lang='lat' dir='ltr'>siodoro</span> <span class='ocrx_word' id='word_1_211' title='bbox 393 2989 491 3033; x_wconf 87' lang='lat' dir='ltr'>civitati</span> <span class='ocrx_word' id='word_1_212' title='bbox 504 2989 696 3045; x_wconf 79' lang='lat' dir='ltr'>inperitabat.»</span> <span class='ocrx_word' id='word_1_213' title='bbox 714 2988 858 3046; x_wconf 89' lang='lat' dir='ltr'>Postquam</span> <span class='ocrx_word' id='word_1_214' title='bbox 874 2988 1027 3033; x_wconf 88' lang='lat' dir='ltr'>Heribertus</span> <span class='ocrx_word' id='word_1_215' title='bbox 1046 2989 1074 3032; x_wconf 90' lang='lat' dir='ltr'>in</span> <span class='ocrx_word' id='word_1_216' title='bbox 1094 2988 1188 3034; x_wconf 87' lang='lat' dir='ltr'>Sancto</span> <span class='ocrx_word' id='word_1_217' title='bbox 1207 2987 1342 3032; x_wconf 86' lang='lat' dir='ltr'>salvatore</span> 
     </span>
     <span class='ocr_line' id='line_1_26' title="bbox 274 3067 1342 3123; baseline -0.002 -11"><span class='ocrx_word' id='word_1_218' title='bbox 274 3069 415 3113; x_wconf 86' lang='lat' dir='ltr'>senonensi</span> <span class='ocrx_word' id='word_1_219' title='bbox 432 3081 501 3112; x_wconf 91' lang='lat' dir='ltr'>anno</span> <span class='ocrx_word' id='word_1_220' title='bbox 515 3071 567 3113; x_wconf 79' lang='lat'>1052</span> <span class='ocrx_word' id='word_1_221' title='bbox 579 3069 693 3123; x_wconf 89' lang='lat' dir='ltr'>secessit,</span> <span class='ocrx_word' id='word_1_222' title='bbox 710 3069 803 3113; x_wconf 89' lang='lat' dir='ltr'>eodem</span> <span class='ocrx_word' id='word_1_223' title='bbox 821 3069 902 3113; x_wconf 91' lang='lat' dir='ltr'>modo</span> <span class='ocrx_word' id='word_1_224' title='bbox 921 3069 946 3113; x_wconf 89' lang='lat' dir='ltr'>ei</span> <span class='ocrx_word' id='word_1_225' title='bbox 962 3068 1105 3114; x_wconf 89' lang='lat' dir='ltr'>Godlridus</span> <span class='ocrx_word' id='word_1_226' title='bbox 1123 3067 1256 3121; x_wconf 86' lang='lat' dir='ltr'>successit,</span> <span class='ocrx_word' id='word_1_227' title='bbox 1274 3068 1342 3111; x_wconf 89' lang='lat' dir='ltr'>sicut</span> 
     </span>
     <span class='ocr_line' id='line_1_27' title="bbox 275 3146 1340 3205; baseline -0.001 -13"><span class='ocrx_word' id='word_1_228' title='bbox 275 3160 324 3192; x_wconf 90' lang='lat' dir='ltr'>nos</span> <span class='ocrx_word' id='word_1_229' title='bbox 337 3148 414 3192; x_wconf 89' lang='lat' dir='ltr'>docet</span> <span class='ocrx_word' id='word_1_230' title='bbox 426 3148 566 3192; x_wconf 85' lang='lat' dir='ltr'>Gestorum</span> <span class='ocrx_word' id='word_1_231' title='bbox 579 3147 733 3205; x_wconf 87' lang='lat' dir='ltr'>pontificum</span> <span class='ocrx_word' id='word_1_232' title='bbox 750 3149 1014 3193; x_wconf 86' lang='lat' dir='ltr'>autissiodorensium</span> <span class='ocrx_word' id='word_1_233' title='bbox 1030 3148 1156 3205; x_wconf 84' lang='lat' dir='ltr'>scriptor:</span> <span class='ocrx_word' id='word_1_234' title='bbox 1175 3146 1251 3191; x_wconf 89' lang='lat' dir='ltr'>Hunc</span> <span class='ocrx_word' id='word_1_235' title='bbox 1268 3147 1340 3198; x_wconf 68' lang='lat' dir='ltr'>(Get</span> 
     </span>
     <span class='ocr_line' id='line_1_28' title="bbox 274 3215 1342 3285; baseline -0.001 -14"><span class='ocrx_word' id='word_1_236' title='bbox 274 3227 383 3280; x_wconf 82' lang='lat' dir='ltr'>fridum)</span> <span class='ocrx_word' id='word_1_237' title='bbox 394 3228 422 3271; x_wconf 95' lang='lat' dir='ltr'>in</span> <span class='ocrx_word' id='word_1_238' title='bbox 435 3227 531 3284; x_wconf 89' lang='lat' dir='ltr'>palatio</span> <span class='ocrx_word' id='word_1_239' title='bbox 544 3239 593 3272; x_wconf 91' lang='lat' dir='ltr'>suo</span> <span class='ocrx_word' id='word_1_240' title='bbox 603 3228 725 3272; x_wconf 88' lang='lat' dir='ltr'>clericum</span> <span class='ocrx_word' id='word_1_241' title='bbox 738 3228 837 3272; x_wconf 91' lang='lat' dir='ltr'>habens</span> <span class='ocrx_word' id='word_1_242' title='bbox 848 3215 988 3272; x_wconf 88' lang='lat' dir='ltr'>honestum</span> <span class='ocrx_word' id='word_1_243' title='bbox 1001 3229 1112 3285; x_wconf 89' lang='lat' dir='ltr'>Philippi</span> <span class='ocrx_word' id='word_1_244' title='bbox 1123 3231 1204 3285; x_wconf 89' lang='lat' dir='ltr'>pater,</span> <span class='ocrx_word' id='word_1_245' title='bbox 1216 3239 1263 3272; x_wconf 88' lang='lat' dir='ltr'>rex</span> <span class='ocrx_word' id='word_1_246' title='bbox 1275 3227 1342 3270; x_wconf 87' lang='lat' dir='ltr'>Hen-</span> 
     </span>
     <span class='ocr_line' id='line_1_29' title="bbox 274 3307 1341 3365; baseline 0 -15"><span class='ocrx_word' id='word_1_247' title='bbox 274 3307 352 3361; x_wconf 89' lang='lat' dir='ltr'>ricus,</span> <span class='ocrx_word' id='word_1_248' title='bbox 365 3311 489 3363; x_wconf 84' lang='lat' dir='ltr'>operante</span> <span class='ocrx_word' id='word_1_249' title='bbox 500 3307 606 3363; x_wconf 91' lang='lat' dir='ltr'>quidem</span> <span class='ocrx_word' id='word_1_250' title='bbox 617 3307 705 3351; x_wconf 89' lang='lat' dir='ltr'>divina</span> <span class='ocrx_word' id='word_1_251' title='bbox 718 3307 869 3363; x_wconf 88' lang='lat' dir='ltr'>Clementia,</span> <span class='ocrx_word' id='word_1_252' title='bbox 880 3310 936 3352; x_wconf 87' lang='lat' dir='ltr'>tota</span> <span class='ocrx_word' id='word_1_253' title='bbox 951 3320 1057 3365; x_wconf 88' lang='lat' dir='ltr'>quoque</span> <span class='ocrx_word' id='word_1_254' title='bbox 1073 3311 1164 3352; x_wconf 89' lang='lat' dir='ltr'>nostra</span> <span class='ocrx_word' id='word_1_255' title='bbox 1176 3307 1341 3351; x_wconf 88' lang='lat' dir='ltr'>collaudante</span> 
     </span>
     <span class='ocr_line' id='line_1_30' title="bbox 274 3387 1342 3444; baseline 0.001 -14"><span class='ocrx_word' id='word_1_256' title='bbox 274 3387 389 3440; x_wconf 87' lang='lat' dir='ltr'>ecclesia,</span> <span class='ocrx_word' id='word_1_257' title='bbox 402 3387 512 3431; x_wconf 88' lang='lat' dir='ltr'>indulsit</span> <span class='ocrx_word' id='word_1_258' title='bbox 521 3387 599 3431; x_wconf 90' lang='lat' dir='ltr'>nobis</span> <span class='ocrx_word' id='word_1_259' title='bbox 611 3387 745 3444; x_wconf 85' lang='lat' dir='ltr'>praesulem</span> <span class='ocrx_word' id='word_1_260' title='bbox 758 3388 933 3434; x_wconf 90' lang='lat' dir='ltr'>necessarium</span> <span class='ocrx_word' id='word_1_261' title='bbox 945 3400 1013 3440; x_wconf 89' lang='lat' dir='ltr'>sane,</span> <span class='ocrx_word' id='word_1_262' title='bbox 1028 3389 1172 3444; x_wconf 91' lang='lat' dir='ltr'>utilemque</span> <span class='ocrx_word' id='word_1_263' title='bbox 1189 3399 1235 3444; x_wconf 87' lang='lat' dir='ltr'>per</span> <span class='ocrx_word' id='word_1_264' title='bbox 1253 3387 1342 3431; x_wconf 87' lang='lat' dir='ltr'>omnia</span> 
     </span>
     <span class='ocr_line' id='line_1_31' title="bbox 274 3464 1341 3524; baseline 0.003 -15"><span class='ocrx_word' id='word_1_265' title='bbox 274 3466 347 3519; x_wconf 68' lang='lat' dir='ltr'>(litat.</span> <span class='ocrx_word' id='word_1_266' title='bbox 359 3467 418 3514; x_wconf 78' lang='lat' dir='ltr'>litat.</span> <span class='ocrx_word' id='word_1_267' title='bbox 434 3467 464 3510; x_wconf 86' lang='lat' dir='ltr'>dc</span> <span class='ocrx_word' id='word_1_268' title='bbox 474 3466 586 3523; x_wconf 84' lang='lat' dir='ltr'>l&#39;l&#39;onne,</span> <span class='ocrx_word' id='word_1_269' title='bbox 604 3470 623 3512; x_wconf 88' lang='lat' dir='ltr'>t.</span> <span class='ocrx_word' id='word_1_270' title='bbox 640 3468 658 3520; x_wconf 92' lang='lat'>1,</span> <span class='ocrx_word' id='word_1_271' title='bbox 675 3481 702 3524; x_wconf 91' lang='lat' dir='ltr'>p.</span> <span class='ocrx_word' id='word_1_272' title='bbox 717 3468 814 3524; x_wconf 80' lang='grc'>399393,</span> <span class='ocrx_word' id='word_1_273' title='bbox 831 3469 879 3524; x_wconf 79' lang='grc'>393,</span> <span class='ocrx_word' id='word_1_274' title='bbox 892 3470 933 3524; x_wconf 74' lang='lat'>406</span> <span class='ocrx_word' id='word_1_275' title='bbox 948 3472 1019 3522; x_wconf 76' lang='lat' dir='ltr'>etc).</span> <span class='ocrx_word' id='word_1_276' title='bbox 1033 3468 1071 3512; x_wconf 85' lang='lat' dir='ltr'>Ci.</span> <span class='ocrx_word' id='word_1_277' title='bbox 1088 3472 1195 3522; x_wconf 79' lang='lat' dir='ltr'>Lassus,</span> <span class='ocrx_word' id='word_1_278' title='bbox 1208 3464 1341 3512; x_wconf 84' lang='lat' dir='ltr'>Me&#39;moires</span> 
     </span>
     <span class='ocr_line' id='line_1_32' title="bbox 273 3545 1342 3606; baseline 0.002 -16"><span class='ocrx_word' id='word_1_279' title='bbox 273 3549 425 3591; x_wconf 83' lang='lat' dir='ltr'>concernunt</span> <span class='ocrx_word' id='word_1_280' title='bbox 444 3546 518 3594; x_wconf 78' lang='lat' dir='ltr'>t’atst.</span> <span class='ocrx_word' id='word_1_281' title='bbox 534 3548 590 3592; x_wconf 86' lang='lat' dir='ltr'>eccl.</span> <span class='ocrx_word' id='word_1_282' title='bbox 615 3550 639 3591; x_wconf 81' lang='lat' dir='ltr'>et</span> <span class='ocrx_word' id='word_1_283' title='bbox 650 3548 721 3592; x_wconf 79' lang='lat' dir='ltr'>ciuile</span> <span class='ocrx_word' id='word_1_284' title='bbox 733 3549 876 3601; x_wconf 70' lang='lat' dir='ltr'>d’luxerra</span> <span class='ocrx_word' id='word_1_285' title='bbox 889 3561 916 3606; x_wconf 90' lang='lat' dir='ltr'>p.</span> <span class='ocrx_word' id='word_1_286' title='bbox 932 3551 973 3604; x_wconf 77' lang='grc'>940</span> <span class='ocrx_word' id='word_1_287' title='bbox 984 3561 1024 3605; x_wconf 85' lang='lat' dir='ltr'>sq.</span> <span class='ocrx_word' id='word_1_288' title='bbox 1042 3549 1106 3592; x_wconf 90' lang='lat' dir='ltr'>Vide</span> <span class='ocrx_word' id='word_1_289' title='bbox 1123 3548 1215 3592; x_wconf 86' lang='lat' dir='ltr'>etiam:</span> <span class='ocrx_word' id='word_1_290' title='bbox 1228 3545 1342 3603; x_wconf 80' lang='lat' dir='ltr'>Epistola</span> 
     </span>
     <span class='ocr_line' id='line_1_33' title="bbox 275 3625 1131 3688; baseline 0.001 -18"><span class='ocrx_word' id='word_1_291' title='bbox 275 3625 362 3670; x_wconf 85' lang='lat' dir='ltr'>decant</span> <span class='ocrx_word' id='word_1_292' title='bbox 371 3627 594 3686; x_wconf 82' lang='lat' dir='ltr'>Augustodaaique</span> <span class='ocrx_word' id='word_1_293' title='bbox 606 3628 711 3673; x_wconf 74' lang='lat' dir='ltr'>eeclesias</span> <span class='ocrx_word' id='word_1_294' title='bbox 721 3628 755 3673; x_wconf 85' lang='lat' dir='ltr'>ad</span> <span class='ocrx_word' id='word_1_295' title='bbox 766 3629 902 3688; x_wconf 79' lang='lat' dir='ltr'>Sageriam</span> <span class='ocrx_word' id='word_1_296' title='bbox 913 3628 953 3680; x_wconf 85' lang='lat' dir='ltr'>(H.</span> <span class='ocrx_word' id='word_1_297' title='bbox 967 3629 997 3676; x_wconf 85' lang='lat' dir='ltr'>F.</span> <span class='ocrx_word' id='word_1_298' title='bbox 1011 3627 1065 3683; x_wconf 92' lang='lat' dir='ltr'>XV,</span> <span class='ocrx_word' id='word_1_299' title='bbox 1075 3629 1131 3684; x_wconf 73' lang='lat'>487).</span> 
     </span>
    </p>

    <p class='ocr_par' dir='ltr' id='par_1_6' title="bbox 272 3706 1341 4725">
     <span class='ocr_line' id='line_1_34' title="bbox 300 3706 1340 3765; baseline 0.003 -15"><span class='ocrx_word' id='word_1_300' title='bbox 300 3708 322 3750; x_wconf 83' lang='lat'>3.</span> <span class='ocrx_word' id='word_1_301' title='bbox 339 3706 404 3751; x_wconf 84' lang='lat' dir='ltr'>Vide</span> <span class='ocrx_word' id='word_1_302' title='bbox 424 3709 494 3763; x_wconf 86' lang='lat' dir='ltr'>apud</span> <span class='ocrx_word' id='word_1_303' title='bbox 516 3708 653 3763; x_wconf 75' lang='lat' dir='ltr'>Currsiar,</span> <span class='ocrx_word' id='word_1_304' title='bbox 672 3708 739 3751; x_wconf 86' lang='lat' dir='ltr'>Hist.</span> <span class='ocrx_word' id='word_1_305' title='bbox 757 3707 786 3752; x_wconf 85' lang='lat' dir='ltr'>de</span> <span class='ocrx_word' id='word_1_306' title='bbox 807 3708 929 3762; x_wconf 82' lang='lat' dir='ltr'>Tournas,</span> <span class='ocrx_word' id='word_1_307' title='bbox 942 3708 984 3752; x_wconf 90' lang='lat' dir='ltr'>Pr.</span> <span class='ocrx_word' id='word_1_308' title='bbox 998 3721 1025 3765; x_wconf 86' lang='lat' dir='ltr'>p.</span> <span class='ocrx_word' id='word_1_309' title='bbox 1045 3709 1091 3761; x_wconf 77' lang='lat'>312,</span> <span class='ocrx_word' id='word_1_310' title='bbox 1104 3709 1152 3763; x_wconf 83' lang='grc'>396,</span> <span class='ocrx_word' id='word_1_311' title='bbox 1170 3709 1210 3753; x_wconf 78' lang='grc'>339</span> <span class='ocrx_word' id='word_1_312' title='bbox 1222 3709 1340 3764; x_wconf 79' lang='lat' dir='ltr'>quadam</span> 
     </span>
     <span class='ocr_line' id='line_1_35' title="bbox 274 3786 1341 3846; baseline 0.003 -16"><span class='ocrx_word' id='word_1_313' title='bbox 274 3786 418 3844; x_wconf 87' lang='lat' dir='ltr'>diplomata</span> <span class='ocrx_word' id='word_1_314' title='bbox 432 3787 537 3832; x_wconf 89' lang='lat' dir='ltr'>Henrici</span> <span class='ocrx_word' id='word_1_315' title='bbox 554 3787 565 3832; x_wconf 94' lang='lat'><em>1</em></span> <span class='ocrx_word' id='word_1_316' title='bbox 586 3791 612 3832; x_wconf 91' lang='lat' dir='ltr'>et</span> <span class='ocrx_word' id='word_1_317' title='bbox 628 3788 741 3844; x_wconf 88' lang='lat' dir='ltr'>Philippi</span> <span class='ocrx_word' id='word_1_318' title='bbox 754 3788 773 3843; x_wconf 86' lang='lat'>1,</span> <span class='ocrx_word' id='word_1_319' title='bbox 790 3788 901 3834; x_wconf 78' lang='lat' dir='ltr'>Francia</span> <span class='ocrx_word' id='word_1_320' title='bbox 918 3801 1019 3846; x_wconf 83' lang='lat' dir='ltr'>regum,</span> <span class='ocrx_word' id='word_1_321' title='bbox 1035 3788 1132 3845; x_wconf 90' lang='lat' dir='ltr'>quibus</span> <span class='ocrx_word' id='word_1_322' title='bbox 1149 3788 1341 3833; x_wconf 87' lang='lat' dir='ltr'>Trenorciensis</span> 
     </span>
     <span class='ocr_line' id='line_1_36' title="bbox 274 3862 1340 3925; baseline 0.003 -15"><span class='ocrx_word' id='word_1_323' title='bbox 274 3866 385 3911; x_wconf 73' lang='lat' dir='ltr'>abbatiae</span> <span class='ocrx_word' id='word_1_324' title='bbox 394 3867 530 3924; x_wconf 81' lang='lat' dir='ltr'>privilegia</span> <span class='ocrx_word' id='word_1_325' title='bbox 538 3866 734 3923; x_wconf 87' lang='lat' dir='ltr'>confirmantur,</span> <span class='ocrx_word' id='word_1_326' title='bbox 743 3871 822 3924; x_wconf 87' lang='lat' dir='ltr'>atque</span> <span class='ocrx_word' id='word_1_327' title='bbox 834 3869 905 3925; x_wconf 88' lang='lat' dir='ltr'>apud</span> <span class='ocrx_word' id='word_1_328' title='bbox 913 3868 945 3916; x_wconf 90' lang='lat' dir='ltr'>D.</span> <span class='ocrx_word' id='word_1_329' title='bbox 962 3868 1109 3922; x_wconf 76' lang='lat' dir='ltr'>Pnaucunn,</span> <span class='ocrx_word' id='word_1_330' title='bbox 1118 3872 1139 3916; x_wconf 87' lang='lat' dir='ltr'>t.</span> <span class='ocrx_word' id='word_1_331' title='bbox 1155 3862 1174 3921; x_wconf 70' lang='lat' dir='ltr'>l&#39;,</span> <span class='ocrx_word' id='word_1_332' title='bbox 1186 3869 1229 3917; x_wconf 88' lang='lat' dir='ltr'>Pr.</span> <span class='ocrx_word' id='word_1_333' title='bbox 1245 3870 1280 3925; x_wconf 84' lang='lat'>51,</span> <span class='ocrx_word' id='word_1_334' title='bbox 1296 3882 1340 3925; x_wconf 85' lang='lat' dir='ltr'>ap-</span> 
     </span>
     <span class='ocr_line' id='line_1_37' title="bbox 273 3946 1339 4005; baseline 0.002 -14"><span class='ocrx_word' id='word_1_335' title='bbox 273 3947 456 4003; x_wconf 90' lang='lat' dir='ltr'>probationem</span> <span class='ocrx_word' id='word_1_336' title='bbox 467 3959 482 3990; x_wconf 91' lang='lat' dir='ltr'>a</span> <span class='ocrx_word' id='word_1_337' title='bbox 490 3946 622 3991; x_wconf 90' lang='lat' dir='ltr'>Ludovico</span> <span class='ocrx_word' id='word_1_338' title='bbox 631 3947 664 3992; x_wconf 95' lang='lat' dir='ltr'>Vl</span> <span class='ocrx_word' id='word_1_339' title='bbox 677 3948 771 3991; x_wconf 85' lang='lat' dir='ltr'>iactam</span> <span class='ocrx_word' id='word_1_340' title='bbox 782 3948 854 4005; x_wconf 89' lang='lat' dir='ltr'>quod</span> <span class='ocrx_word' id='word_1_341' title='bbox 864 3948 940 4004; x_wconf 84' lang='lat' dir='ltr'>Hugo</span> <span class='ocrx_word' id='word_1_342' title='bbox 950 3948 973 3993; x_wconf 95' lang='lat' dir='ltr'>ll</span> <span class='ocrx_word' id='word_1_343' title='bbox 983 3949 1217 4004; x_wconf 81' lang='lat' dir='ltr'>Augustodunensi</span> <span class='ocrx_word' id='word_1_344' title='bbox 1229 3949 1339 3993; x_wconf 81' lang='lat' dir='ltr'>ecclesia</span> 
     </span>
     <span class='ocr_line' id='line_1_38' title="bbox 276 4027 1339 4085; baseline 0.004 -16"><span class='ocrx_word' id='word_1_345' title='bbox 276 4027 409 4071; x_wconf 86' lang='lat' dir='ltr'>Avallonis</span> <span class='ocrx_word' id='word_1_346' title='bbox 428 4027 565 4072; x_wconf 88' lang='lat' dir='ltr'>ecclesiam</span> <span class='ocrx_word' id='word_1_347' title='bbox 578 4028 734 4071; x_wconf 89' lang='lat' dir='ltr'>restituerat.</span> <span class='ocrx_word' id='word_1_348' title='bbox 747 4052 775 4061; x_wconf 93' lang='lat'><em>-</em></span> <span class='ocrx_word' id='word_1_349' title='bbox 790 4028 921 4084; x_wconf 86' lang='lat' dir='ltr'>Praecipue</span> <span class='ocrx_word' id='word_1_350' title='bbox 938 4029 1018 4072; x_wconf 87' lang='lat' dir='ltr'>verba</span> <span class='ocrx_word' id='word_1_351' title='bbox 1034 4029 1151 4073; x_wconf 87' lang='lat' dir='ltr'>notanda</span> <span class='ocrx_word' id='word_1_352' title='bbox 1164 4032 1225 4073; x_wconf 88' lang='lat' dir='ltr'>sunt</span> <span class='ocrx_word' id='word_1_353' title='bbox 1242 4029 1339 4085; x_wconf 90' lang='lat' dir='ltr'>quibus</span> 
     </span>
     <span class='ocr_line' id='line_1_39' title="bbox 273 4106 1338 4153; baseline 0.003 -3"><span class='ocrx_word' id='word_1_354' title='bbox 273 4106 421 4150; x_wconf 89' lang='lat' dir='ltr'>Ludovicus</span> <span class='ocrx_word' id='word_1_355' title='bbox 434 4107 466 4150; x_wconf 95' lang='lat' dir='ltr'>Vl</span> <span class='ocrx_word' id='word_1_356' title='bbox 477 4108 510 4151; x_wconf 90' lang='lat' dir='ltr'>de</span> <span class='ocrx_word' id='word_1_357' title='bbox 521 4106 644 4152; x_wconf 87' lang='lat' dir='ltr'>Cluniaco</span> <span class='ocrx_word' id='word_1_358' title='bbox 656 4108 754 4151; x_wconf 88' lang='lat' dir='ltr'>utitur:</span> <span class='ocrx_word' id='word_1_359' title='bbox 767 4108 864 4152; x_wconf 88' lang='lat' dir='ltr'>Notum</span> <span class='ocrx_word' id='word_1_360' title='bbox 875 4109 931 4151; x_wconf 89' lang='lat' dir='ltr'>iieri</span> <span class='ocrx_word' id='word_1_361' title='bbox 941 4109 1064 4152; x_wconf 90' lang='lat' dir='ltr'>volumus</span> <span class='ocrx_word' id='word_1_362' title='bbox 1074 4109 1174 4153; x_wconf 89' lang='lat' dir='ltr'>eunctis</span> <span class='ocrx_word' id='word_1_363' title='bbox 1191 4108 1338 4153; x_wconf 90' lang='lat' dir='ltr'>fidelibus...</span> 
     </span>
     <span class='ocr_line' id='line_1_40' title="bbox 274 4186 1339 4245; baseline 0.005 -16"><span class='ocrx_word' id='word_1_364' title='bbox 274 4186 346 4242; x_wconf 84' lang='lat' dir='ltr'>quod</span> <span class='ocrx_word' id='word_1_365' title='bbox 356 4198 431 4230; x_wconf 88' lang='lat' dir='ltr'>nos...</span> <span class='ocrx_word' id='word_1_366' title='bbox 440 4186 628 4230; x_wconf 86' lang='lat' dir='ltr'>monasterium</span> <span class='ocrx_word' id='word_1_367' title='bbox 637 4187 814 4242; x_wconf 89' lang='lat' dir='ltr'>Cluniaccnse,</span> <span class='ocrx_word' id='word_1_368' title='bbox 823 4188 937 4232; x_wconf 89' lang='lat' dir='ltr'>nobilius</span> <span class='ocrx_word' id='word_1_369' title='bbox 945 4188 1092 4233; x_wconf 92' lang='lat' dir='ltr'>membrum</span> <span class='ocrx_word' id='word_1_370' title='bbox 1100 4189 1182 4233; x_wconf 89' lang='lat' dir='ltr'>nostri</span> <span class='ocrx_word' id='word_1_371' title='bbox 1191 4190 1272 4245; x_wconf 81' lang='lat' dir='ltr'>regni,</span> <span class='ocrx_word' id='word_1_372' title='bbox 1279 4202 1339 4234; x_wconf 88' lang='lat' dir='ltr'>cum</span> 
     </span>
     <span class='ocr_line' id='line_1_41' title="bbox 273 4266 1338 4331; baseline 0.007 -23"><span class='ocrx_word' id='word_1_373' title='bbox 273 4266 396 4310; x_wconf 90' lang='lat' dir='ltr'>omnibus</span> <span class='ocrx_word' id='word_1_374' title='bbox 409 4267 576 4322; x_wconf 87' lang='lat' dir='ltr'>prioratibus,</span> <span class='ocrx_word' id='word_1_375' title='bbox 596 4268 806 4323; x_wconf 87' lang='lat' dir='ltr'>possessionibus</span> <span class='ocrx_word' id='word_1_376' title='bbox 819 4271 845 4313; x_wconf 90' lang='lat' dir='ltr'>et</span> <span class='ocrx_word' id='word_1_377' title='bbox 857 4270 1021 4325; x_wconf 87' lang='lat' dir='ltr'>pertinentiis</span> <span class='ocrx_word' id='word_1_378' title='bbox 1040 4270 1094 4314; x_wconf 91' lang='lat' dir='ltr'>suis</span> <span class='ocrx_word' id='word_1_379' title='bbox 1110 4270 1137 4313; x_wconf 93' lang='lat' dir='ltr'>in</span> <span class='ocrx_word' id='word_1_380' title='bbox 1149 4282 1230 4326; x_wconf 83' lang='lat' dir='ltr'>regno</span> <span class='ocrx_word' id='word_1_381' title='bbox 1247 4273 1338 4331; x_wconf 74' lang='lat' dir='ltr'>nostro</span> 
     </span>
     <span class='ocr_line' id='line_1_42' title="bbox 273 4346 1339 4406; baseline 0.006 -17"><span class='ocrx_word' id='word_1_382' title='bbox 273 4346 431 4399; x_wconf 87' lang='lat' dir='ltr'>constitutis,</span> <span class='ocrx_word' id='word_1_383' title='bbox 448 4347 476 4390; x_wconf 86' lang='lat' dir='ltr'>in</span> <span class='ocrx_word' id='word_1_384' title='bbox 494 4351 584 4390; x_wconf 91' lang='lat' dir='ltr'>nostra</span> <span class='ocrx_word' id='word_1_385' title='bbox 604 4351 629 4390; x_wconf 92' lang='lat' dir='ltr'>ct</span> <span class='ocrx_word' id='word_1_386' title='bbox 651 4360 831 4392; x_wconf 82' lang='lat' dir='ltr'>successorum</span> <span class='ocrx_word' id='word_1_387' title='bbox 854 4352 1006 4393; x_wconf 91' lang='lat' dir='ltr'>nostrorum</span> <span class='ocrx_word' id='word_1_388' title='bbox 1023 4362 1114 4406; x_wconf 81' lang='lat' dir='ltr'>regum</span> <span class='ocrx_word' id='word_1_389' title='bbox 1130 4351 1237 4393; x_wconf 87' lang='lat' dir='ltr'>Francie</span> <span class='ocrx_word' id='word_1_390' title='bbox 1254 4350 1339 4395; x_wconf 86' lang='lat' dir='ltr'>deien-</span> 
     </span>
     <span class='ocr_line' id='line_1_43' title="bbox 272 4425 1337 4486; baseline 0.006 -18"><span class='ocrx_word' id='word_1_391' title='bbox 272 4425 354 4479; x_wconf 89' lang='lat' dir='ltr'>sione‚</span> <span class='ocrx_word' id='word_1_392' title='bbox 366 4427 447 4481; x_wconf 79' lang='lat' dir='ltr'>garda</span> <span class='ocrx_word' id='word_1_393' title='bbox 459 4429 485 4470; x_wconf 89' lang='lat' dir='ltr'>et</span> <span class='ocrx_word' id='word_1_394' title='bbox 496 4427 578 4470; x_wconf 82' lang='lat' dir='ltr'>tutela</span> <span class='ocrx_word' id='word_1_395' title='bbox 589 4427 728 4484; x_wconf 85' lang='lat' dir='ltr'>recipimus</span> <span class='ocrx_word' id='word_1_396' title='bbox 741 4431 843 4480; x_wconf 72' lang='lat' dir='ltr'>(bituria,</span> <span class='ocrx_word' id='word_1_397' title='bbox 858 4429 954 4473; x_wconf 81' lang='lat' dir='ltr'>Iiecaeil</span> <span class='ocrx_word' id='word_1_398' title='bbox 964 4430 1006 4474; x_wconf 82' lang='lat' dir='ltr'>des</span> <span class='ocrx_word' id='word_1_399' title='bbox 1019 4429 1125 4474; x_wconf 82' lang='lat' dir='ltr'>Chartes</span> <span class='ocrx_word' id='word_1_400' title='bbox 1137 4430 1167 4474; x_wconf 79' lang='lat' dir='ltr'>de</span> <span class='ocrx_word' id='word_1_401' title='bbox 1179 4429 1272 4486; x_wconf 85' lang='lat' dir='ltr'>Clany,</span> <span class='ocrx_word' id='word_1_402' title='bbox 1279 4433 1297 4474; x_wconf 90' lang='lat' dir='ltr'>t.</span> <span class='ocrx_word' id='word_1_403' title='bbox 1307 4431 1337 4485; x_wconf 89' lang='lat' dir='ltr'>V,</span> 
     </span>
     <span class='ocr_line' id='line_1_44' title="bbox 274 4506 1337 4566; baseline 0.005 -17"><span class='ocrx_word' id='word_1_404' title='bbox 274 4517 301 4561; x_wconf 88' lang='lat' dir='ltr'>p.</span> <span class='ocrx_word' id='word_1_405' title='bbox 316 4507 365 4560; x_wconf 83' lang='grc'>996,</span> <span class='ocrx_word' id='word_1_406' title='bbox 377 4512 404 4549; x_wconf 83' lang='lat' dir='ltr'>n·</span> <span class='ocrx_word' id='word_1_407' title='bbox 414 4506 485 4560; x_wconf 78' lang='grc'>3943).</span> <span class='ocrx_word' id='word_1_408' title='bbox 501 4506 552 4551; x_wconf 87' lang='lat' dir='ltr'>Sed</span> <span class='ocrx_word' id='word_1_409' title='bbox 564 4506 682 4563; x_wconf 88' lang='lat' dir='ltr'>ejusdem</span> <span class='ocrx_word' id='word_1_410' title='bbox 694 4506 820 4551; x_wconf 88' lang='lat' dir='ltr'>Ludovici</span> <span class='ocrx_word' id='word_1_411' title='bbox 832 4510 900 4564; x_wconf 84' lang='lat' dir='ltr'>regis</span> <span class='ocrx_word' id='word_1_412' title='bbox 912 4509 971 4554; x_wconf 87' lang='lat' dir='ltr'>vide</span> <span class='ocrx_word' id='word_1_413' title='bbox 982 4511 1060 4553; x_wconf 86' lang='lat' dir='ltr'>etiam</span> <span class='ocrx_word' id='word_1_414' title='bbox 1071 4509 1201 4566; x_wconf 88' lang='lat' dir='ltr'>permulta</span> <span class='ocrx_word' id='word_1_415' title='bbox 1211 4522 1259 4566; x_wconf 92' lang='lat' dir='ltr'>pro</span> <span class='ocrx_word' id='word_1_416' title='bbox 1272 4510 1337 4554; x_wconf 89' lang='lat' dir='ltr'>Bur·</span> 
     </span>
     <span class='ocr_line' id='line_1_45' title="bbox 273 4585 1338 4647; baseline 0.006 -19"><span class='ocrx_word' id='word_1_417' title='bbox 273 4585 375 4641; x_wconf 67' lang='lat' dir='ltr'>guadias</span> <span class='ocrx_word' id='word_1_418' title='bbox 398 4587 563 4630; x_wconf 88' lang='lat' dir='ltr'>monasteriis</span> <span class='ocrx_word' id='word_1_419' title='bbox 584 4586 626 4630; x_wconf 90' lang='lat' dir='ltr'>vel</span> <span class='ocrx_word' id='word_1_420' title='bbox 647 4585 762 4631; x_wconf 87' lang='lat' dir='ltr'>ecclesiis</span> <span class='ocrx_word' id='word_1_421' title='bbox 779 4588 915 4645; x_wconf 80' lang='lat' dir='ltr'>privilegia</span> <span class='ocrx_word' id='word_1_422' title='bbox 936 4590 1007 4645; x_wconf 90' lang='lat' dir='ltr'>apud</span> <span class='ocrx_word' id='word_1_423' title='bbox 1033 4589 1161 4647; x_wconf 75' lang='lat' dir='ltr'>Quanam,</span> <span class='ocrx_word' id='word_1_424' title='bbox 1192 4589 1338 4638; x_wconf 82' lang='lat' dir='ltr'>Cartalat&#39;re</span> 
     </span>
     <span class='ocr_line' id='line_1_46' title="bbox 273 4661 1003 4725; baseline 0.007 -17"><span class='ocrx_word' id='word_1_425' title='bbox 273 4661 378 4722; x_wconf 80' lang='lat' dir='ltr'>ge&#39;ne&#39;ral</span> <span class='ocrx_word' id='word_1_426' title='bbox 389 4664 419 4709; x_wconf 84' lang='lat' dir='ltr'>de</span> <span class='ocrx_word' id='word_1_427' title='bbox 433 4665 546 4720; x_wconf 63' lang='lat' dir='ltr'>tienne,</span> <span class='ocrx_word' id='word_1_428' title='bbox 557 4669 574 4711; x_wconf 91' lang='lat' dir='ltr'>t.</span> <span class='ocrx_word' id='word_1_429' title='bbox 587 4665 607 4721; x_wconf 90' lang='lat' dir='ltr'>l,</span> <span class='ocrx_word' id='word_1_430' title='bbox 617 4678 642 4723; x_wconf 92' lang='lat' dir='ltr'>p.</span> <span class='ocrx_word' id='word_1_431' title='bbox 655 4666 703 4718; x_wconf 82' lang='lat'>213,</span> <span class='ocrx_word' id='word_1_432' title='bbox 717 4667 764 4722; x_wconf 84' lang='grc'>996,</span> <span class='ocrx_word' id='word_1_433' title='bbox 777 4667 825 4722; x_wconf 83' lang='grc'>935,</span> <span class='ocrx_word' id='word_1_434' title='bbox 837 4668 885 4723; x_wconf 87' lang='grc'>936,</span> <span class='ocrx_word' id='word_1_435' title='bbox 897 4669 945 4725; x_wconf 88' lang='grc'>969,</span> <span class='ocrx_word' id='word_1_436' title='bbox 955 4669 1003 4714; x_wconf 81' lang='grc'>988.</span> 
     </span>
    </p>
   </div>
   <div class='ocr_carea' id='block_1_4' title="bbox 279 5044 419 5134">
    <p class='ocr_par' dir='ltr' id='par_1_7' title="bbox 279 5044 419 5134">
     <span class='ocr_line' id='line_1_47' title="bbox 279 5044 419 5134; baseline 0 0"><span class='ocrx_word' id='word_1_437' title='bbox 279 5044 419 5134; x_wconf 54' lang='grc' dir='ltr'>Α</span> 
     </span>
    </p>
   </div>
   <div class='ocr_carea' id='block_1_5' title="bbox 0 0 1546 5446">
    <p class='ocr_par' dir='ltr' id='par_1_8' title="bbox 0 0 1546 5446">
     <span class='ocr_line' id='line_1_48' title="bbox 0 0 1546 5446; baseline 0 2"><span class='ocrx_word' id='word_1_438' title='bbox 0 0 1546 5446; x_wconf 95' lang='lat' dir='ltr'> </span> 
     </span>
    </p>
   </div>
  </div>
 </body>
</html>
