3082 5446
709 595 829 650 -2-

234 722 613 805 historici,quapropter
620 739 726 802 pauca
733 726 864 780 tantum
875 724 1092 780 monumenta
1099 735 1212 779 rerum
1218 715 1305 779 Bur·

234 830 367 912 gundiae
383 829 593 901 exstiterunt,
608 847 681 909 quae
695 827 739 888 ad
753 826 816 887 boe
827 833 960 907 tempus
972 825 1173 907 pertineant.
1187 824 1305 906 Neque

234 937 271 998 in
285 935 454 998 chronicis
466 935 570 1016 regiis
582 941 812 995 memorantur
824 951 911 1014 saepe
925 931 1128 1013 Burgundiae
1143 930 1260 1003 duces;
1271 936 1304 991 et

235 1042 326 1103 enim
356 1060 432 1102 cum
452 1041 590 1122 regibus
613 1049 690 1101 ante
712 1039 918 1101 Ludovicum
944 1038 1006 1100 vss
1026 1037 1081 1099 vel
1107 1036 1304 1119 Philippum

235 1148 425 1229 Augustum
459 1168 537 1209 raro
566 1146 802 1208 commercium
830 1145 1031 1207 habuerunt.
1058 1143 1304 1227 Superiuerunt

234 1265 347 1317 tamen
360 1255 613 1336 quadringentae
624 1254 748 1314 chartae
757 1261 814 1314 aut
823 1272 892 1313 non
906 1252 1012 1313 multo
1023 1271 1118 1313 secus
1130 1250 1173 1312 ab
1185 1269 1304 1313 eorum

234 1360 443 1423 cancellariis
456 1361 566 1421 missae
576 1361 597 1434 ¹,
610 1369 643 1421 et
652 1359 814 1420 nonnulla
828 1357 916 1419 alius
928 1358 1060 1440 generis
1071 1365 1301 1430 monumenta,

235 1486 379 1549 quorum
393 1467 463 1527 haec
482 1467 517 1527 in
541 1467 660 1549 primis
683 1466 843 1528 videntur
864 1465 1092 1547 expromenda
1112 1483 1186 1526 esse
1200 1483 1207 1523 :
1223 1462 1303 1526 His·

236 1574 334 1636 torioe
348 1572 488 1656 Rodulfi
501 1572 623 1637 Glabri
632 1574 654 1645 ¹,
667 1571 835 1636 Chronico
848 1571 959 1634 saneti
972 1570 1120 1654 Benigni
1132 1570 1302 1633 divionen·

235 1679 296 1753 sis,
313 1679 425 1742 saneti
441 1679 537 1742 Petri
552 1679 736 1742 Besuensis
749 1680 771 1752 ³,
790 1679 902 1741 sancti
917 1677 1013 1741 Petri
1037 1678 1110 1743 Viri
1133 1677 1303 1741 Senonen·

234 1786 282 1849 sis
295 1787 317 1848 ⁴.
346 1787 462 1868 Neque
486 1786 712 1868 spernendum
735 1795 786 1847 est
814 1785 1005 1849 Chronicon
1031 1783 1301 1848 Flaviniocensis

235 1893 437 1956 monasterii
450 1893 492 1954 ab
505 1894 653 1974 Hugone
672 1892 902 1964 Viridunensi,
915 1913 976 1954 nee
989 1891 1147 1954 Historia
1161 1891 1302 1955 Vizelio·
1349 1969 1352 1975 ¹

235 2000 346 2063 censis
360 1999 403 2062 ab
416 2000 565 2082 Hugone
579 1999 766 2071 Pictoeino,
782 2020 891 2083 neque
909 2000 1044 2062 tandem
1075 1999 1162 2062 Vitoe
1183 1998 1303 2062 Sancti

235 2107 395 2189 Hugonis
411 2105 659 2180 Cluniacensis,
673 2106 796 2188 quibus
810 2126 828 2169 e
841 2108 1068 2170 monumentis
1081 2116 1166 2169 etex
1182 2105 1301 2169 Histo-

263 2405 285 2442 1.
300 2393 440 2452 Pleraque,
458 2405 490 2439 ex
508 2394 673 2439 abbatiarum
692 2394 856 2440 chartulariis
877 2395 958 2451 lectoe,
970 2394 1081 2439 Divione
1098 2393 1223 2452 depositae
1239 2395 1302 2438 sunt

234 2473 264 2527 (A
269 2474 361 2519 rehires
368 2471 591 2532 departemcntctes
600 2475 630 2519 de
639 2474 664 2520 lo
676 2474 822 2528 Coto-d'Or).
830 2475 935 2520 Cunctae
943 2475 1019 2520 edita
1027 2477 1089 2519 sunt
1096 2477 1123 2519 et
1130 2485 1173 2519 eas
1183 2473 1300 2518 invenire

146 2560 148 2565 '
235 2555 341 2610 poteris,
354 2555 409 2599 sive
419 2555 491 2612 apud
504 2555 534 2599 Ι).
548 2555 728 2608 Fulserunt.
744 2555 763 2611 l,
777 2555 831 2610 sive
848 2554 920 2612 apud
937 2555 1022 2611 Purir,
1035 2557 1054 2599 t.
1067 2554 1078 2599 I
1090 2557 1116 2599 et
1130 2554 1161 2606 li,
1176 2553 1218 2598 vel
1229 2552 1301 2610 apud

235 2631 341 2679 Pisano
350 2634 457 2688 (Rceuetl
469 2635 499 2679 dc
506 2635 586 2691 pie'ers
597 2636 720 2678 euricuscs
733 2636 833 2679 serrant
845 2634 860 2678 α’
871 2634 999 2679 l'Histoire
1011 2635 1041 2678 dc
1052 2633 1226 2694 Bourgogne).

260 2733 282 2766 a.
299 2723 336 2767 Gi.
356 2723 386 2771 E.
414 2723 527 2779 Sicana,
548 2722 652 2766 Studien
675 2723 734 2766 tiber
756 2721 880 2780 Redolsus
904 2722 996 2767 Globcr
1018 2723 1112 2777 (Neues
1136 2723 1233 2768 Archiv
1255 2722 1302 2767 der

234 2801 404 2847 Gesellschatt
412 2802 541 2847 firi-altere
554 2802 678 2847 deutsche
687 2801 938 2855 Geschichtskunde,
949 2806 966 2848 t.
978 2804 1044 2859 xlv,
1055 2817 1081 2861 p.
1095 2804 1207 2860 Sap-418„
1222 2805 1302 2858 Pnou,

234 2881 314 2934 Praet‘.
330 2882 503 2927 Historiarum
515 2882 617 2940 Rodulfi
631 2882 719 2927 Glabri
726 2896 735 2937 ;
748 2883 884 2932 Gununnr.
902 2883 941 2928 Un
953 2885 1033 2928 moine
1047 2884 1077 2928 dc
1088 2883 1139 2928 l'on
1148 2883 1203 2932 mil.
1218 2881 1302 2928 Rooul

237 2960 329 3006 Glaber
340 2963 436 3015 (Revue
447 2963 493 3007 des
506 2963 714 3019 lieux-Mendes,
727 2975 756 3007 1r
766 2966 819 3012 oct.
833 2964 906 3019 1891).

260 3051 283 3096 3.
300 3051 444 3097 Chronicon
456 3052 543 3097 Sancti
555 3053 664 3110 Benigni
685 3066 701 3097 a
719 3053 849 3098 monacho
869 3053 1030 3098 divionensis
1046 3053 1157 3099 abbatiae
1174 3054 1301 3111 scriptum

235 3134 283 3187 est,
295 3133 349 3188 qui,
365 3132 414 3176 nisi
428 3132 558 3176 Prooemio
569 3132 596 3176 ln
615 3133 702 3189 operis
717 3133 847 3190 principio
859 3134 919 3187 sito,
939 3134 1086 3188 ignoratur.
1107 3133 1190 3179 Natus
1209 3133 1301 3178 salinis

234 3210 338 3266 (Salius,
348 3211 421 3265 lure)
431 3224 501 3256 anno
513 3213 564 3256 1025
576 3215 622 3256 aut
634 3224 688 3256 non
700 3213 786 3257 multo
802 3225 885 3268 secus,
904 3213 990 3258 adhue
1007 3214 1133 3270 parvulus
1146 3226 1161 3258 a
1172 3217 1246 3271 patre
1259 3213 1301 3257 lii·

234 3291 341 3335 vionem
352 3291 447 3336 allatus
459 3293 500 3335 est
511 3296 568 3341 (nos
578 3291 746 3337 Divionensis
760 3293 825 3336 sacri
835 3293 983 3337 Monasterii
992 3305 1007 3336 a
1016 3293 1127 3350 parvulo
1139 3293 1301 3338 habitatores

236 3374 263 3416 et
275 3374 414 3415 amatores.
429 3369 522 3415 Chron.
536 3370 653 3430 Benigni,
665 3385 693 3429 p.
708 3373 882 3428 1);itaqueut
897 3374 993 3429 gratias
1009 3376 1098 3428 ageret
1111 3373 1270 3417 monasterio
1287 3384 1302 3416 a

235 3463 289 3507 quo
300 3451 464 3508 disciplinam
475 3451 652 3508 alimentaque
663 3455 805 3509 acceperat,
818 3465 887 3497 auno
899 3453 951 3497 1052
963 3453 1105 3498 chronicon
1117 3453 1174 3511 eJus
1186 3452 1299 3498 scribere

236 3542 311 3575 orsus
323 3534 363 3575 est
372 3544 384 3574 r
394 3543 454 3576 cum
466 3531 598 3576 adiutorio
611 3532 695 3584 Dei...
713 3533 845 3577 rusticana
857 3536 882 3577 et
894 3534 1001 3578 minime
1020 3533 1102 3590 polita
1114 3533 1272 3578 narratione.
1288 3545 1301 3575 »

238 3609 354 3667 Simplex
366 3611 490 3655 narrandi
503 3623 586 3666 genus
600 3624 605 3657 :
617 3613 644 3656 in
656 3612 735 3657 rebus
746 3613 827 3657 totius
840 3613 929 3658 Galliae
937 3625 1003 3670 quas
1011 3617 1181 3658 narraverant
1190 3612 1302 3670 pseudo-

236 3690 407 3746 Fredegarius
429 3694 508 3748 atque
532 3692 652 3749 Epitome
673 3692 788 3760 historiar
805 3693 964 3739 Francorum
976 3697 1003 3738 et
1024 3694 1199 3738 carolinarum
1215 3694 1301 3737 Anna·

238 3771 304 3816 lium
325 3772 473 3828 scriptores,
493 3772 604 3817 includit
627 3785 685 3830 quae
707 3773 740 3817 ad
761 3773 894 3817 abbatiam
913 3774 1052 3830 pertinent.
1075 3773 1222 3818 centesimo
1241 3775 1302 3830 post

236 3862 313 3904 anno,
337 3851 471 3903 iohannes
490 3853 634 3898 monachus
656 3853 784 3897 besuense
805 3853 946 3898 chronicon
970 3854 1080 3910 scripsit,
1109 3854 1251 3898 chronicon
1271 3855 1297 3896 S.

236 3929 340 3985 Benigni
359 3930 484 3983 imitatus,
506 3931 579 3988 quod
598 3935 686 3976 tamen
707 3944 792 3989 usque
812 3919 849 3976 'ad
871 3945 969 3977 annum
990 3934 1042 3977 1135
1059 3933 1193 3991 produxit,
1205 3935 1232 3976 et
1250 3933 1301 3980 alia

235 4010 339 4054 addidit
347 4011 468 4066 quaedam
479 4023 514 4055 ex
532 4024 545 4054 r
560 4012 675 4069 antiquis
688 4012 895 4058 membranulis»
905 4013 981 4057 lecta.
1000 4012 1147 4070 Utrumque
1158 4015 1301 4060 chronicon

236 4089 419 4133 continuatum
431 4092 480 4134 est.

261 4177 282 4231 4.
296 4177 382 4234 Quam
391 4177 527 4223 floruerint
542 4180 613 4236 apud
626 4180 750 4232 Senones,
761 4181 816 4238 jam
828 4193 899 4226 nono
909 4181 1005 4237 seculo,
1021 4183 1161 4240 scriptores
1179 4187 1206 4228 et
1222 4184 1301 4229 histo·

235 4256 291 4312 rici,
301 4258 394 4314 quanti
406 4258 554 4303 iaciendum
571 4260 701 4317 praecipue
719 4260 806 4305 Sancti
828 4263 896 4306 Petri
914 4262 974 4306 Vivi
993 4263 1144 4321 chronicon,
1165 4264 1187 4309 si
1206 4266 1301 4310 certior

235 4335 291 4380 ficri
305 4336 445 4392 desideras,
460 4339 493 4382 ei.
507 4350 513 4382 :
528 4337 723 4394 Warrnunncu,
741 4339 924 4385 Deutschtonds
940 4340 1191 4402 Gcsehichtsquetten,
1201 4346 1221 4388 t.
1242 4343 1261 4398 1,
1273 4356 1300 4400 p.

235 4417 332 4472 383888,
352 4417 413 4470 Lor,
431 4417 480 4462 Las
491 4417 614 4463 Derniers
626 4417 810 4478 Carolingiens,
821 4433 849 4476 p.
865 4421 912 4475 338,
928 4421 976 4477 345,
993 4425 1020 4466 et
1038 4424 1183 4480 prasertim
1195 4423 1301 4478 Mosen,

234 4495 328 4541 Etndcs
341 4497 514 4553 surt'ttistoire
524 4497 553 4541 de
566 4498 669 4557 Hugues
684 4498 807 4553 Capeti.
820 4500 868 4545 Les
881 4500 986 4546 Sources
995 4501 1146 4560 historiques
1155 4503 1244 4555 (Rcoue
1253 4503 1303 4549 his·

236 4576 343 4634 torique,
358 4578 419 4622 1885.
434 4580 453 4622 t.
466 4576 498 4632 11,
511 4590 538 4635 p.
551 4580 659 4632 abbatii).
1130 4567 1133 4572 ⁴
