3082 5446
718 611 858 669 „36-

256 742 422 813 Galliam
439 751 561 813 totam
579 751 809 813 transvectae
828 742 1019 832 refugium
1045 743 1320 836 exquirebant,

256 859 431 951 plurimae
458 858 498 927 in
512 858 746 928 Divionense
767 867 937 928 castrum
955 858 1070 929 illatae
1089 869 1194 946 sunt,
1216 859 1324 952 quod
1426 874 1430 879 ’

256 975 450 1066 inprimis
475 973 737 1044 firmissimum
763 983 800 1044 et
828 975 1167 1067 inexpugnabilem
1192 975 1324 1045 locum

257 1111 447 1182 occupare
465 1083 702 1160 videbatur¹.
720 1088 879 1159 Decimo
908 1090 1067 1183 quidem
1091 1092 1221 1161 seculo
1240 1099 1322 1160 tam

256 1205 503 1275 manifestum
517 1205 588 1275 fuit
602 1206 739 1298 quanti
753 1206 939 1275 momenti
954 1216 1054 1276 esset
1072 1207 1112 1275 in
1131 1206 1233 1278 bello
1247 1183 1320 1277 hoc

257 1330 426 1391 castrum
451 1330 489 1390 et
515 1330 705 1413 quantum
728 1320 846 1391 abeo
874 1322 1060 1414 penderet
1087 1321 1321 1414 Burgundiae

257 1436 402 1528 optima
416 1458 520 1529 pars,
533 1445 576 1505 ut
589 1436 749 1529 quidam
767 1446 1016 1530 usurpatores
1035 1437 1131 1507 illud
1146 1437 1190 1507 in
1209 1438 1321 1508 ditio·

256 1573 345 1621 nem
380 1552 597 1622 studuerint
629 1552 813 1642 redigere,
851 1553 1129 1645 nequicquam,
1164 1553 1324 1624 obstan·

256 1667 360 1737 tibus
393 1668 574 1738 carolinis
613 1668 768 1758 regibus
798 1669 865 1761 qui
896 1668 1072 1739 Divionis
1105 1670 1322 1740 dominium
1403 1700 1408 1707 ·

208 1767 211 1771 ¹
256 1783 420 1852 retinere
434 1778 652 1854 volebant¹.

306 1897 464 1967 Roberti
483 1898 542 1966 Pii
557 1898 739 1986 adventu,
756 1897 1003 1969 Divionensis
1022 1901 1229 1970 comitatus
1250 1900 1321 1971 lin·

258 2015 487 2104 gonensium
511 2015 783 2107 episcoporum
803 2025 897 2101 erat,
919 2017 986 2108 qui
1008 2025 1177 2086 castrum
1195 2026 1322 2110 prote-

259 2130 428 2220 gendum
441 2129 646 2200 comitibus
666 2129 900 2222 quibusdam
919 2154 939 2200 e
954 2130 1194 2202 Bellimontis
1209 2141 1321 2223 gente

170 2231 177 2242 ’
257 2246 555 2334 mandaverant,
592 2246 690 2316 inter
727 2268 826 2339 quos
864 2246 976 2336 Hugo
1010 2247 1045 2318 ΙΙ
1081 2248 1321 2319 Bellimontis

278 2575 299 2607 1.
316 2562 488 2608 Venientibus
513 2575 560 2619 per
580 2563 715 2607 Franciam
737 2562 763 2606 in
783 2563 935 2619 Burgundio
955 2564 1121 2619 Normannb,
1133 2565 1322 2610 lilonasterium

256 2643 327 2688 istud
340 2643 470 2688 Besucnse
482 2643 587 2699 penitus
599 2643 706 2699 contigit
718 2643 865 2688 desolatum
876 2644 942 2699 iri...,
950 2657 1008 2701 quae
1015 2645 1162 2698 (desolatio)
1170 2658 1224 2690 non
1235 2647 1322 2690 solum

256 2723 317 2767 hiric
329 2722 388 2766 loco
400 2723 596 2778 obmitterem
610 2723 689 2766 otiam
699 2726 782 2766 totam
796 2723 932 2767 Franciam
949 2725 1013 2781 ipsis
1029 2724 1187 2770 Normannis
1200 2726 1323 2770 vastanti·

257 2803 316 2857 bus,
334 2815 419 2859 neque
431 2803 533 2859 uspiam
550 2802 656 2847 Francis
678 2806 762 2847 tutam
781 2804 919 2848 resistendi
938 2805 1087 2850 tirmitatem
1104 2806 1324 2864 repperientibus·

174 2891 178 2897 ·
259 2881 342 2926 multa
356 2882 511 2926 Sanctorum
530 2895 640 2940 corpora
657 2883 761 2927 liivioni
775 2887 861 2928 castro
879 2884 982 2929 invecta
1001 2888 1071 2938 sunt,
1088 2898 1116 2930 ea
1128 2886 1196 2943 quod
1204 2885 1323 2947 firmissi-

257 2975 332 3013 mum,
345 2964 368 3006 et
378 2961 568 3021 inerepugaabile
577 2957 718 3019 videretur(
722 2961 814 3009 Clima.
823 2964 945 3020 besuense,
954 2976 979 3022 p.
988 2966 1093 3022 esais).
1109 2965 1147 3010 De
1160 2967 1241 3011 altera
1247 2966 1324 3012 Nort-

257 3054 414 3087 mannorum
431 3043 579 3087 incursione
600 3043 666 3087 uixit
685 3043 815 3088 lohannes
833 3045 992 3088 monachus:
1015 3045 1056 3090 Ad
1069 3046 1207 3091 Divionem
1219 3050 1323 3092 tautum

258 3135 304 3167 eos
314 3123 491 3181 aspirare,ucc
498 3124 547 3167 loci
558 3123 667 3166 tirmitas
678 3136 725 3167 nec
734 3124 812 3167 Ducis
822 3125 1022 3169 nominatissimi
1030 3127 1160 3178 (Riclrardi
1167 3127 1182 3172 J
1184 3127 1324 3173 ustificatu-

257 3203 302 3256 rls)
315 3204 433 3260 permisit
445 3203 586 3247 metuenda
597 3203 755 3247 bellicositas
765 3203 867 3259 (Claroa.
882 3206 1004 3261 besuense,
1015 3219 1040 3263 p.
1053 3208 1109 3262 280).
1120 3231 1145 3240 -
1157 3207 1196 3257 Gt.
1212 3207 1321 3255 Pmuor.

258 3283 369 3327 Histoire
378 3282 408 3326 de
420 3281 513 3337 Cluuy,
523 3286 543 3326 t.
559 3282 578 3335 l,
591 3294 616 3338 p.
627 3283 699 3338 2728.

283 3399 304 3434 a.
315 3389 444 3433 liedulfus
458 3401 504 3432 rex
522 3388 664 3433 liivionum
676 3393 800 3444 castrum,
820 3403 898 3446 quem
909 3394 975 3436 boso
991 3404 1079 3437 comes
1092 3397 1197 3451 ceperat
1213 3395 1323 3453 eiusque
1371 3372 1376 3379 ι

257 3469 396 3526 complices
411 3469 565 3523 retinebant,
580 3469 683 3514 obsidet
694 3470 855 3524 (Fnouoauur
875 3472 993 3523 Annales,
1011 3473 1059 3527 935.
1077 3474 1122 3518 SS.
1138 3474 1208 3532 lll,p.
1223 3476 1281 3529 383).
1297 3500 1323 3509 -

257 3549 377 3593 Castrum
391 3550 529 3594 Divionem
540 3550 680 3595 liotbcrtus
691 3563 778 3595 comes
788 3551 890 3595 invadit
904 3552 1225 3610 regisexpulsislidelibus
1233 3556 1323 3608 (Fron.

256 3630 332 3693 aaa„
342 3631 391 3685 959.
407 3631 451 3674 SS.
466 3630 509 3686 111,
522 3644 547 3687 p.
560 3632 618 3686 404).
634 3655 658 3662 -
678 3630 795 3675 Castrum
808 3633 906 3690 regium
926 3633 998 3688 quod
1017 3633 1114 3678 Divion
1133 3635 1236 3691 dicitur,
1250 3648 1324 3681 secus

258 3709 383 3754 Oscorum
394 3713 538 3753 torrentem
552 3710 697 3765 conditum,
714 3711 797 3755 multa
809 3712 951 3768 cupiditate
961 3713 1063 3758 sitiebat
1074 3714 1221 3768 (liebertus,
1236 3728 1324 3761 eomes

257 3790 408 3842 Trecensis).
421 3802 448 3833 eo
460 3789 527 3846 parad
533 3802 580 3845 per
589 3802 644 3833 eum
653 3791 676 3834 si
688 3789 713 3834 id
725 3791 813 3835 habere
820 3795 910 3848 posset,
925 3793 1044 3850 optimam
1058 3792 1216 3854 Burgundia’
1222 3799 1323 3852 partem

258 3869 291 3913 ad
302 3881 375 3912 surim
391 3869 437 3924 J'us
453 3870 563 3912 transire
580 3880 651 3925 posse
669 3871 872 3920 arbitrabatur...
895 3871 1008 3917 Pervaso
1028 3878 1116 3919 autem
1133 3875 1240 3932 oppido,
1258 3876 1322 3933 regii

257 3949 353 3993 milites
365 3948 553 3993 contumeliose
561 3949 703 4006 pelluntur.
709 3950 876 4007 lieputautur
882 3964 946 3996 vcro
954 3952 990 3996 ibi
998 3953 1094 3998 milites
1102 3955 1197 3999 tiranni
1204 3954 1323 4011 (ltrcuen.

257 4028 331 4084 Hae,
344 4028 388 4082 ΙΙΙ,
401 4042 433 4073 rr.
449 4029 495 4074 SS.
512 4029 556 4086 ΙΙΙ,
569 4043 593 4087 p.
605 4031 713 4082 bribia).
723 4055 748 4063 -
764 4030 898 4076 carolinus
910 4045 964 4084 rex,
976 4034 1021 4091 qui
1033 4037 1096 4079 tune
1108 4039 1164 4079 erat
1176 4036 1322 4091 Lotharius,

259 4121 313 4153 non
321 4109 357 4154 ita
366 4109 440 4154 facile
452 4109 578 4166 spoliatus
586 4114 638 4166 cst3
647 4111 751 4163 etenim,
764 4124 833 4155 anno
843 4113 883 4167 959
890 4117 1011 4170 excunte,
1021 4127 1112 4159 rursus
1120 4119 1234 4161 castrum
1242 4117 1323 4161 divio·

256 4202 336 4258 nense
345 4189 466 4242 habebat,
475 4189 520 4233 ubi
532 4190 630 4234 curiam
642 4191 747 4234 tenebat
755 4203 814 4234 cum
823 4191 954 4249 Gerberga
962 4195 1059 4250 regina,
1068 4195 1287 4240 vice-cancellario
1296 4199 1323 4241 et

257 4270 429 4327 optimatibus
441 4270 546 4323 (Bauer.
563 4269 660 4313 Recuril
673 4270 716 4314 des
728 4270 833 4316 Chartes
843 4272 872 4316 de
887 4272 980 4330 Cluuy,
993 4277 1011 4317 t.
1024 4274 1055 4327 11,
1069 4285 1095 4318 n⁰
1111 4276 1157 4331 roa,
1175 4288 1202 4332 p.
1219 4277 1322 4333 rbo1623

256 4350 335 4394 Fauo.
352 4350 433 4406 Aua,
450 4363 475 4397 a.
497 4352 556 4404 960).
573 4351 650 4395 Anno
662 4352 710 4406 901,
727 4351 880 4396 solennibus
893 4353 996 4398 Paschae
1013 4366 1072 4398 cum
1092 4354 1219 4411 Lauduni,
1232 4356 1322 4401 multis

256 4430 422 4475 adstantibus
446 4431 600 4487 burgundia·
622 4430 763 4487 nobilibus,
787 4431 880 4476 Ottoni
901 4433 1025 4477 ducatum
1044 4434 1198 4490 burgundia·
1225 4435 1320 4481 detulit

255 4508 325 4553 idem
335 4521 389 4562 rex,
402 4509 559 4555 Divionense
570 4514 685 4555 castrum
697 4514 726 4555 ut
740 4511 871 4569 exciperet
883 4512 985 4556 curavit
1001 4512 1073 4566 (Lar,
1092 4514 1136 4558 Les
1151 4514 1263 4560 derniers
1276 4517 1319 4562 Ca·

256 4587 401 4647 rottagteus,
412 4602 440 4646 p.
455 4590 482 4634 ³3
493 4593 520 4634 ct
530 4603 557 4633 n.
573 4594 605 4643 a.)
