3082 5446
654 543 797 598 -71-

193 657 238 744 et¹
257 673 368 765 quasi
396 672 550 742 turbato
579 672 640 742 vel
666 673 797 764 potius
824 673 1087 765 praefcstinaio
1107 674 1261 744 videtur

192 789 308 859 fuisse
324 788 714 872 animo,F11ndat0ris
731 798 859 857 tamen
875 799 1005 881 partes
1018 791 1138 859 tenuit
1156 791 1259 883 apud

191 905 359 998 aequales
384 908 437 990 et,
452 904 584 973 multis
599 913 734 996 postea
755 904 1055 991 anniS,la11de1n
1076 928 1259 976 consecu-

190 1032 252 1092 tus
279 1030 336 1090 est
362 1019 472 1089 ducis
501 1020 660 1106 strenui,
692 1042 820 1089 rerum
848 1000 1093 1112 publicarum
1130 1023 1256 1113 periti,

189 1137 340 1226 magnis
359 1135 566 1206 virtutibus
586 1135 752 1228 praediti,
777 1158 896 1228 quam
915 1158 1018 1205 nune
1044 1137 1078 1205 ei
1098 1138 1257 1206 reddere

191 1247 410 1322 debemus¹.
441 1251 604 1339 Revera,
635 1250 868 1341 Burgundiae
891 1250 1072 1340 abbatiae,
1096 1274 1185 1322 cum
1210 1254 1265 1322 la··

191 1368 407 1454 borassent,
428 1367 487 1436 his
506 1368 741 1457 regentibus,
768 1389 849 1436 non
869 1389 891 1436 a
921 1367 1084 1437 ducibus
1107 1377 1259 1438 tantum

192 1482 434 1576 accipiebant
466 1482 659 1574 injurias¹‚
693 1492 731 1552 et
769 1482 899 1570 duces
930 1506 1019 1553 cum
1047 1486 1259 1554 monachos

191 1599 448 1686 vexavissent,
477 1599 610 1668 aeterni
647 1599 827 1691 supplicii
860 1600 1012 1687 timore,
1042 1621 1133 1669 mox
1162 1622 1258 1692 prae-

191 1715 282 1783 dam
303 1713 558 1784 restituebant
571 1729 594 1784 ⁸.
613 1714 748 1807 ltaque
764 1715 867 1784 haud
889 1715 1082 1784 immerito
1098 1715 1173 1784 diei
1192 1737 1259 1807 po-

191 1838 267 1899 test
296 1851 499 1922 nunquam
518 1830 559 1898 in
577 1829 809 1920 Burgundiae
834 1829 1047 1899 Ecclesiam
1067 1840 1102 1900 et
1125 1832 1258 1922 praeci-

192 1967 268 2038 pue
293 1946 334 2014 ln
358 1946 593 2015 monasteria
622 1955 773 2015 tantum
811 1946 1026 2016 adhibitum
1054 1946 1197 2016 favoris
1220 1958 1259 2017 et
1310 1961 1315 1970 '

192 2060 384 2131 felicitatis
411 2069 602 2152 quantum
622 2061 694 2131 sub
715 2062 930 2153 primorum
949 2063 1161 2154 capetianae
1177 2063 1259 2132 stir-

191 2177 253 2269 pis
271 2175 415 2247 ducum
429 2176 605 2270 imperio.

220 2467 241 2502 1.
254 2454 407 2499 Constantia
416 2454 506 2510 regina
518 2453 619 2498 eumad
631 2453 744 2498 Francia
752 2465 863 2510 regnum
873 2452 987 2499 filiorum
1000 2466 1109 2498 suorum
1117 2454 1259 2511 quemdam

192 2533 346 2591 designavit,
358 2533 425 2578 dixit
435 2533 559 2577 «tertium
570 2533 604 2576 ad
617 2533 689 2589 regni
703 2532 872 2577 moderamen
882 2534 1092 2590 praestantiorem
1102 2535 1158 2577 iore
1166 2533 1258 2587 tilium,

192 2614 238 2672 qui
250 2617 278 2658 et
286 2613 405 2659 Rotberti
413 2613 496 2670 patris
504 2612 610 2656 nomine
622 2613 798 2657 censebatur»
822 2613 862 2665 (ll.
881 2613 995 2664 Gmnnn,
1008 2613 1087 2669 Hirr„
1110 2613 1154 2668 ΙΙΙ,
1170 2626 1204 2669 rx,
1217 2616 1260 2665 ti).

194 2694 493 2742 camoranum:
507 2693 682 2738 Radbertus...
694 2693 821 2738 Radberti
840 2694 1000 2738 Francorum
1013 2695 1081 2751 regis
1094 2698 1120 2739 et
1136 2694 1262 2739 Constan-

191 2775 236 2820 tire
252 2775 345 2829 reginae
364 2774 434 2818 iilius
448 2773 505 2825 fuit,
518 2773 593 2831 cujus
610 2773 734 2817 nobilitas
754 2772 786 2817 de
804 2774 930 2830 sanguine
943 2786 1034 2831 regum
1050 2778 1077 2819 et
1088 2778 1261 2831 augustorum

193 2855 327 2912 processit,
347 2858 374 2899 et
390 2855 417 2898 in
433 2853 524 2898 multis
543 2853 694 2909 reglonibus
711 2852 787 2897 elaris
804 2852 927 2909 operIbus
940 2858 965 2897 et
978 2854 1104 2898 mirandIs
1118 2855 1261 2899 virtutibus

192 2935 337 2980 admodum
346 2934 442 2978 effulsit
451 2932 527 2986 (Hist.
541 2932 608 2987 ecel,
620 2931 688 2987 XIII,
702 2933 735 2986 15,
749 2932 792 2975 ed.
802 2933 836 2976 Le
849 2932 967 2988 Prevost,
979 2937 998 2978 t.
1010 2933 1039 2984 V.
1052 2946 1081 2991 p.
1095 2935 1142 2988 33).

218 3043 242 3080 a.
256 3032 340 3077 Variis
350 3031 504 3089 praedonum
515 3030 663 3074 incursibus
672 3029 770 3086 passim
779 3029 931 3086 Burgundia
941 3030 1093 3086 laborabat(
1101 3031 1155 3076 Vita
1167 3033 1195 3075 S.
1210 3031 1261 3077 Hu-

195 3111 269 3169 gonis
280 3110 314 3155 ab
324 3110 432 3168 Ilugone
441 3108 567 3159 monacho,
583 3121 603 3164 5.
616 3107 711 3151 Misus.
726 3110 751 3150 P.
761 3107 796 3162 L.,
805 3111 822 3152 t.
836 3107 908 3163 CLX,
921 3110 971 3158 eol.
987 3112 1074 3165 920).—
1085 3109 1164 3167 Quod
1173 3110 1261 3154 rideli-

193 3193 234 3235 cet
251 3190 392 3235 cenobium
412 3191 445 3242 (S.
473 3189 587 3245 Benignit
606 3187 720 3244 antiquae
733 3188 878 3233 nobilitatis
901 3189 1034 3246 religionis
1056 3193 1194 3235 stemmate
1211 3191 1260 3235 sub

195 3270 319 3316 Willelmi
332 3270 434 3314 abbatis
452 3269 579 3325 regimine
591 3269 677 3312 suerat
691 3268 853 3312 decoratum.
868 3268 919 3312 Sed
930 3273 992 3313 tunc
1004 3270 1111 3315 Roberti
1124 3271 1198 3315 ducis
1210 3271 1263 3314 vio·

111 3395 117 3406 ,
193 3350 275 3395 leniia
298 3354 324 3395 et
348 3349 516 3407 praelatorum
535 3349 643 3398 incuria,
667 3347 835 3392 subditorum
857 3361 963 3406 qiroque
985 3351 1095 3407 segnitia
1117 3364 1131 3394 a
1151 3352 1261 3408 pristino

193 3431 279 3487 rIgore
296 3431 434 3475 videbatur
446 3428 639 3486 aliquantulum
651 3427 820 3471 imminutum
838 3428 964 3479 (Ilruosrs
976 3429 1082 3474 Fmvrs.
1098 3430 1193 3475 Chron.
1212 3432 1259 3482 SS.

193 3509 261 3566 VIII,
273 3523 300 3569 p.
316 3511 377 3566 415).

220 3611 242 3653 a.
260 3608 410 3653 Robertusl
424 3620 484 3653 eum
497 3606 561 3651 olim
581 3605 723 3649 monachos
743 3604 829 3649 Sancti
843 3605 966 3652 Germani
982 3612 1079 3653 terram
1095 3608 1213 3666 donaret,
1226 3610 1262 3654 ita

195 3689 326 3734 benefacti
345 3701 437 3733 causas
459 3687 588 3732 reddidit:
607 3685 739 3742 Quoniam
751 3697 799 3730 nos
812 3687 1009 3734 remiiiiscentes
1022 3690 1098 3734 ruolae
1110 3695 1263 3734 nostrorum

197 3770 300 3814 sarcina
320 3769 509 3826 peccaminum,
529 3771 554 3810 et
579 3769 721 3810 trementes
742 3766 882 3823 aequissimi
905 3769 1107 3814 examinatiores
1127 3771 1263 3828 judItium,

193 3849 295 3895 cbristo
305 3850 451 3907 inspirante
462 3848 609 3905 perungere
617 3845 751 3902 gliscimus
762 3846 795 3889 ad
808 3847 896 3892 future
911 3851 1129 3895 remunerationis
1143 3850 1263 3894 bravium

193 3943 240 3988 per
252 3931 394 3975 elemosine
404 3929 532 3986 largitatis
548 3926 677 3972 auxilium
693 3925 789 3981 (Parin.
803 3929 822 3970 t.
834 3927 852 3982 1,
867 3927 908 3972 Pr.
921 3933 964 3984 29).
978 3954 1002 3962 -
1013 3929 1145 3986 Eugenius
1158 3930 1193 3974 ΙΙΙ
1203 3942 1263 3974 cum

195 4010 318 4056 Odonem
328 4011 351 4055 II
361 4012 393 4056 ab
405 4011 509 4056 abbatia
520 4006 687 4054 vizeliacensi
706 4006 888 4063 impugnanda
901 4009 1053 4064 deterreret,
1072 4023 1133 4054 eum
1143 4011 1264 4055 hortatur

194 4104 207 4136 ι
220 4093 319 4150 quia...
333 4093 388 4138 baec
398 4092 453 4137 lieri
464 4093 490 4136 in
504 4089 643 4148 perniciem
657 4087 750 4132 animae
760 4099 813 4133 suae
823 4092 956 4145 cognoscit
966 4104 978 4134 r
988 4091 1029 4147 (II.
1042 4092 1072 4140 F.
1085 4091 1139 4146 XV,
1154 4092 1212 4146 460).
