<?xml version="1.0" encoding="UTF-8"?>
<!DOCTYPE html PUBLIC "-//W3C//DTD XHTML 1.0 Transitional//EN"
    "http://www.w3.org/TR/xhtml1/DTD/xhtml1-transitional.dtd">
<html xmlns="http://www.w3.org/1999/xhtml" xml:lang="en" lang="en">
 <head>
  <title>
</title>
<meta http-equiv="Content-Type" content="text/html;charset=utf-8" />
  <meta name='ocr-system' content='tesseract 3.04.00' />
  <meta name='ocr-capabilities' content='ocr_page ocr_carea ocr_par ocr_line ocrx_word'/>
</head>
<body>
  <div class='ocr_page' id='page_1' title='image "./quomodoprimiduc00kleigoog_0118.png"; bbox 0 0 3082 5446; ppageno 0'>
   <div class='ocr_carea' id='block_1_1' title="bbox 696 562 838 618">
    <p class='ocr_par' dir='ltr' id='par_1_1' title="bbox 696 562 838 618">
     <span class='ocr_line' id='line_1_1' title="bbox 696 562 838 618; baseline 0.014 -16"><span class='ocrx_word' id='word_1_1' title='bbox 696 562 838 618; x_wconf 73' lang='lat'><strong>..95-</strong></span> 
     </span>
    </p>
   </div>
   <div class='ocr_carea' id='block_1_2' title="bbox 150 690 1312 2754">
    <p class='ocr_par' dir='ltr' id='par_1_2' title="bbox 233 690 1300 901">
     <span class='ocr_line' id='line_1_2' title="bbox 234 690 1300 787; baseline 0.001 -23"><span class='ocrx_word' id='word_1_2' title='bbox 234 714 322 764; x_wconf 91' lang='lat' dir='ltr'><strong>cum</strong></span> <span class='ocrx_word' id='word_1_3' title='bbox 332 701 574 764; x_wconf 87' lang='lat' dir='ltr'><strong>sacrarentur</strong></span> <span class='ocrx_word' id='word_1_4' title='bbox 583 692 726 783; x_wconf 80' lang='lat' dir='ltr'><strong>reges¹.</strong></span> <span class='ocrx_word' id='word_1_5' title='bbox 739 690 990 787; x_wconf 84' lang='lat' dir='ltr'><strong>Quapropter</strong></span> <span class='ocrx_word' id='word_1_6' title='bbox 998 691 1217 765; x_wconf 89' lang='lat' dir='ltr'><strong>Ludovicus</strong></span> <span class='ocrx_word' id='word_1_7' title='bbox 1228 693 1300 765; x_wconf 90' lang='lat' dir='ltr'><strong>Vll</strong></span> 
     </span>
     <span class='ocr_line' id='line_1_3' title="bbox 233 807 1172 901; baseline 0.003 -22"><span class='ocrx_word' id='word_1_8' title='bbox 233 808 348 880; x_wconf 91' lang='lat' dir='ltr'><strong>rebus</strong></span> <span class='ocrx_word' id='word_1_9' title='bbox 368 808 532 879; x_wconf 85' lang='lat' dir='ltr'>ducatus</span> <span class='ocrx_word' id='word_1_10' title='bbox 552 831 592 879; x_wconf 94' lang='lat' dir='ltr'><strong>se</strong></span> <span class='ocrx_word' id='word_1_11' title='bbox 612 807 822 878; x_wconf 85' lang='lat' dir='ltr'><strong>immiscuit</strong></span> <span class='ocrx_word' id='word_1_12' title='bbox 840 817 981 901; x_wconf 89' lang='lat' dir='ltr'><strong>praeter</strong></span> <span class='ocrx_word' id='word_1_13' title='bbox 1001 809 1172 882; x_wconf 88' lang='lat' dir='ltr'><strong>solitum.</strong></span> 
     </span>
    </p>

    <p class='ocr_par' dir='ltr' id='par_1_3' title="bbox 150 924 1312 2754">
     <span class='ocr_line' id='line_1_4' title="bbox 281 924 1297 1018; baseline 0.001 -23"><span class='ocrx_word' id='word_1_14' title='bbox 281 924 316 994; x_wconf 87' lang='grc' dir='ltr'>Α</span> <span class='ocrx_word' id='word_1_15' title='bbox 345 946 464 1015; x_wconf 86' lang='lat' dir='ltr'><strong>regno</strong></span> <span class='ocrx_word' id='word_1_16' title='bbox 486 924 708 1017; x_wconf 85' lang='lat' dir='ltr'><strong>incipiente,</strong></span> <span class='ocrx_word' id='word_1_17' title='bbox 742 946 809 994; x_wconf 84' lang='lat' dir='ltr'><strong>rex</strong></span> <span class='ocrx_word' id='word_1_18' title='bbox 836 924 899 994; x_wconf 94' lang='lat' dir='ltr'><strong>ille</strong></span> <span class='ocrx_word' id='word_1_19' title='bbox 922 946 1096 1018; x_wconf 84' lang='lat' dir='ltr'><strong>persaepe</strong></span> <span class='ocrx_word' id='word_1_20' title='bbox 1133 925 1175 994; x_wconf 91' lang='lat' dir='ltr'><strong>in</strong></span> <span class='ocrx_word' id='word_1_21' title='bbox 1204 925 1297 996; x_wconf 92' lang='lat' dir='ltr'><strong>Bur·</strong></span> 
     </span>
     <span class='ocr_line' id='line_1_5' title="bbox 150 1032 1300 1132; baseline 0.001 -21"><span class='ocrx_word' id='word_1_22' title='bbox 150 1032 152 1037; x_wconf 64' lang='grc'><strong>’</strong></span> <span class='ocrx_word' id='word_1_23' title='bbox 234 1040 376 1132; x_wconf 84' lang='lat' dir='ltr'><strong>gundia</strong></span> <span class='ocrx_word' id='word_1_24' title='bbox 409 1039 529 1110; x_wconf 90' lang='lat' dir='ltr'><strong>sistit¹</strong></span> <span class='ocrx_word' id='word_1_25' title='bbox 558 1040 838 1132; x_wconf 84' lang='lat' dir='ltr'><strong>privilegiaque</strong></span> <span class='ocrx_word' id='word_1_26' title='bbox 867 1039 1153 1111; x_wconf 86' lang='lat' dir='ltr'><strong>Trenorciensis</strong></span> <span class='ocrx_word' id='word_1_27' title='bbox 1184 1041 1300 1112; x_wconf 89' lang='lat' dir='ltr'><strong>ahba-</strong></span> 
     </span>
     <span class='ocr_line' id='line_1_6' title="bbox 166 1154 1302 1246; baseline -0.001 -18"><span class='ocrx_word' id='word_1_28' title='bbox 166 1228 172 1235; x_wconf 88' lang='grc'><strong>,</strong></span> <span class='ocrx_word' id='word_1_29' title='bbox 233 1157 296 1228; x_wconf 88' lang='lat' dir='ltr'><strong>tiae</strong></span> <span class='ocrx_word' id='word_1_30' title='bbox 324 1156 386 1226; x_wconf 90' lang='lat' dir='ltr'><strong>vel</strong></span> <span class='ocrx_word' id='word_1_31' title='bbox 410 1155 540 1227; x_wconf 80' lang='lat' dir='ltr'><strong>Sancti</strong></span> <span class='ocrx_word' id='word_1_32' title='bbox 572 1154 734 1245; x_wconf 83' lang='lat' dir='ltr'><strong>Benigni</strong></span> <span class='ocrx_word' id='word_1_33' title='bbox 756 1154 1003 1225; x_wconf 91' lang='lat' dir='ltr'><strong>Divionensis</strong></span> <span class='ocrx_word' id='word_1_34' title='bbox 1028 1154 1191 1246; x_wconf 85' lang='lat' dir='ltr'><strong>firmat’,</strong></span> <span class='ocrx_word' id='word_1_35' title='bbox 1221 1178 1302 1227; x_wconf 90' lang='lat' dir='ltr'><strong>non</strong></span> 
     </span>
     <span class='ocr_line' id='line_1_7' title="bbox 233 1270 1300 1366; baseline 0 -24"><span class='ocrx_word' id='word_1_36' title='bbox 233 1271 535 1366; x_wconf 81' lang='lat' dir='ltr'><strong>opportunitatis</strong></span> <span class='ocrx_word' id='word_1_37' title='bbox 550 1270 618 1340; x_wconf 92' lang='lat' dir='ltr'><strong>sed</strong></span> <span class='ocrx_word' id='word_1_38' title='bbox 629 1270 726 1362; x_wconf 85' lang='lat' dir='ltr'><strong>juris</strong></span> <span class='ocrx_word' id='word_1_39' title='bbox 742 1292 871 1342; x_wconf 86' lang='lat' dir='ltr'><strong>causa.</strong></span> <span class='ocrx_word' id='word_1_40' title='bbox 891 1292 911 1340; x_wconf 88' lang='grc'>«</span> <span class='ocrx_word' id='word_1_41' title='bbox 927 1270 990 1341; x_wconf 86' lang='lat' dir='ltr'><strong>Ad</strong></span> <span class='ocrx_word' id='word_1_42' title='bbox 1011 1273 1157 1362; x_wconf 86' lang='lat' dir='ltr'><strong>regiam</strong></span> <span class='ocrx_word' id='word_1_43' title='bbox 1178 1272 1300 1363; x_wconf 83' lang='lat' dir='ltr'><strong>digni-</strong></span> 
     </span>
     <span class='ocr_line' id='line_1_8' title="bbox 233 1385 1301 1480; baseline 0 -22"><span class='ocrx_word' id='word_1_44' title='bbox 233 1397 353 1459; x_wconf 88' lang='lat' dir='ltr'><strong>tatem</strong></span> <span class='ocrx_word' id='word_1_45' title='bbox 368 1396 518 1480; x_wconf 90' lang='lat' dir='ltr'><strong>spectat</strong></span> <span class='ocrx_word' id='word_1_46' title='bbox 538 1385 722 1476; x_wconf 85' lang='lat' dir='ltr'><strong>officium,</strong></span> <span class='ocrx_word' id='word_1_47' title='bbox 745 1385 891 1479; x_wconf 82' lang='lat' dir='ltr'><strong>scribit,</strong></span> <span class='ocrx_word' id='word_1_48' title='bbox 912 1386 1171 1458; x_wconf 88' lang='lat' dir='ltr'><strong>Ecclesiarum</strong></span> <span class='ocrx_word' id='word_1_49' title='bbox 1189 1387 1301 1458; x_wconf 90' lang='lat' dir='ltr'><strong>liber-</strong></span> 
     </span>
     <span class='ocr_line' id='line_1_9' title="bbox 233 1503 1300 1597; baseline 0 -23"><span class='ocrx_word' id='word_1_50' title='bbox 233 1513 353 1575; x_wconf 86' lang='lat' dir='ltr'><strong>tatem</strong></span> <span class='ocrx_word' id='word_1_51' title='bbox 380 1503 527 1593; x_wconf 81' lang='lat' dir='ltr'><strong>integre</strong></span> <span class='ocrx_word' id='word_1_52' title='bbox 555 1524 784 1573; x_wconf 90' lang='lat' dir='ltr'><strong>conservare</strong></span> <span class='ocrx_word' id='word_1_53' title='bbox 811 1511 849 1572; x_wconf 91' lang='lat' dir='ltr'><strong>et</strong></span> <span class='ocrx_word' id='word_1_54' title='bbox 878 1524 1011 1572; x_wconf 87' lang='lat' dir='ltr'><strong>earum</strong></span> <span class='ocrx_word' id='word_1_55' title='bbox 1043 1503 1193 1574; x_wconf 86' lang='lat' dir='ltr'><strong>sortiter</strong></span> <span class='ocrx_word' id='word_1_56' title='bbox 1211 1526 1300 1597; x_wconf 92' lang='lat' dir='ltr'><strong>pos·</strong></span> 
     </span>
     <span class='ocr_line' id='line_1_10' title="bbox 235 1614 1302 1711; baseline 0.002 -22"><span class='ocrx_word' id='word_1_57' title='bbox 235 1619 425 1701; x_wconf 78' lang='lat' dir='ltr'><strong>sessiones</strong></span> <span class='ocrx_word' id='word_1_58' title='bbox 445 1640 489 1688; x_wconf 86' lang='lat' dir='ltr'><strong>ac</strong></span> <span class='ocrx_word' id='word_1_59' title='bbox 509 1617 597 1710; x_wconf 86' lang='lat' dir='ltr'><strong>jura</strong></span> <span class='ocrx_word' id='word_1_60' title='bbox 616 1618 682 1711; x_wconf 90' lang='lat' dir='ltr'><strong>pia</strong></span> <span class='ocrx_word' id='word_1_61' title='bbox 696 1619 936 1710; x_wconf 90' lang='lat' dir='ltr'><strong>protectione</strong></span> <span class='ocrx_word' id='word_1_62' title='bbox 955 1619 1054 1689; x_wconf 90' lang='lat' dir='ltr'><strong>tueri</strong></span> <span class='ocrx_word' id='word_1_63' title='bbox 1067 1614 1092 1689; x_wconf 81' lang='lat'><strong>⁴.</strong></span> <span class='ocrx_word' id='word_1_64' title='bbox 1115 1642 1135 1687; x_wconf 75' lang='lat' dir='ltr'><strong>r&gt;</strong></span> <span class='ocrx_word' id='word_1_65' title='bbox 1156 1619 1302 1691; x_wconf 87' lang='lat' dir='ltr'><strong>Eadem</strong></span> 
     </span>
     <span class='ocr_line' id='line_1_11' title="bbox 234 1732 1301 1827; baseline 0.001 -23"><span class='ocrx_word' id='word_1_66' title='bbox 234 1742 463 1826; x_wconf 83' lang='lat' dir='ltr'><strong>tempestate</strong></span> <span class='ocrx_word' id='word_1_67' title='bbox 486 1756 564 1827; x_wconf 86' lang='lat' dir='ltr'><strong>qua</strong></span> <span class='ocrx_word' id='word_1_68' title='bbox 587 1733 679 1804; x_wconf 89' lang='lat' dir='ltr'><strong>talia</strong></span> <span class='ocrx_word' id='word_1_69' title='bbox 699 1733 884 1821; x_wconf 88' lang='lat' dir='ltr'><strong>declarat,</strong></span> <span class='ocrx_word' id='word_1_70' title='bbox 904 1732 1152 1804; x_wconf 91' lang='lat' dir='ltr'><strong>Nivcrnensis</strong></span> <span class='ocrx_word' id='word_1_71' title='bbox 1172 1756 1301 1805; x_wconf 90' lang='lat' dir='ltr'><strong>comes</strong></span> 
     </span>
     <span class='ocr_line' id='line_1_12' title="bbox 234 1847 1301 1945; baseline -0.001 -24"><span class='ocrx_word' id='word_1_72' title='bbox 234 1849 469 1921; x_wconf 88' lang='lat' dir='ltr'><strong>Vizeliacum</strong></span> <span class='ocrx_word' id='word_1_73' title='bbox 490 1859 529 1920; x_wconf 93' lang='lat' dir='ltr'><strong>et</strong></span> <span class='ocrx_word' id='word_1_74' title='bbox 547 1849 843 1920; x_wconf 89' lang='lat' dir='ltr'><strong>Matisconensis</strong></span> <span class='ocrx_word' id='word_1_75' title='bbox 858 1847 1224 1945; x_wconf 44' lang='lat' dir='ltr'><strong>,Cabilloncnsisque</strong></span> <span class='ocrx_word' id='word_1_76' title='bbox 1240 1872 1301 1920; x_wconf 93' lang='lat' dir='ltr'><strong>co·</strong></span> 
     </span>
     <span class='ocr_line' id='line_1_13' title="bbox 232 1965 1302 2059; baseline 0 -24"><span class='ocrx_word' id='word_1_77' title='bbox 232 1966 346 2036; x_wconf 90' lang='lat' dir='ltr'><strong>mites</strong></span> <span class='ocrx_word' id='word_1_78' title='bbox 376 1965 604 2035; x_wconf 90' lang='lat' dir='ltr'><strong>Cluniacum</strong></span> <span class='ocrx_word' id='word_1_79' title='bbox 632 1966 749 2036; x_wconf 88' lang='lat' dir='ltr'><strong>armis</strong></span> <span class='ocrx_word' id='word_1_80' title='bbox 778 1965 1074 2055; x_wconf 83' lang='lat' dir='ltr'><strong>aggrediuntur3</strong></span> <span class='ocrx_word' id='word_1_81' title='bbox 1096 1967 1228 2059; x_wconf 90' lang='lat' dir='ltr'><strong>itaque</strong></span> <span class='ocrx_word' id='word_1_82' title='bbox 1252 1966 1302 2036; x_wconf 86' lang='lat' dir='ltr'><strong>ab</strong></span> 
     </span>
     <span class='ocr_line' id='line_1_14' title="bbox 234 2080 1303 2174; baseline -0.001 -23"><span class='ocrx_word' id='word_1_83' title='bbox 234 2081 404 2151; x_wconf 92' lang='lat' dir='ltr'><strong>ecclesiis</strong></span> <span class='ocrx_word' id='word_1_84' title='bbox 423 2080 655 2171; x_wconf 86' lang='lat' dir='ltr'><strong>Burgundiae</strong></span> <span class='ocrx_word' id='word_1_85' title='bbox 676 2103 744 2150; x_wconf 87' lang='lat' dir='ltr'><strong>rex</strong></span> <span class='ocrx_word' id='word_1_86' title='bbox 757 2090 918 2151; x_wconf 80' lang='lat' dir='ltr'><strong>vocatur</strong></span> <span class='ocrx_word' id='word_1_87' title='bbox 937 2080 1096 2174; x_wconf 87' lang='lat' dir='ltr'><strong>ejusque</strong></span> <span class='ocrx_word' id='word_1_88' title='bbox 1116 2083 1303 2152; x_wconf 86' lang='lat' dir='ltr'><strong>auxilium</strong></span> 
     </span>
     <span class='ocr_line' id='line_1_15' title="bbox 235 2194 1301 2290; baseline -0.001 -24"><span class='ocrx_word' id='word_1_89' title='bbox 235 2197 454 2290; x_wconf 77' lang='lat' dir='ltr'><strong>frequenter</strong></span> <span class='ocrx_word' id='word_1_90' title='bbox 473 2197 629 2288; x_wconf 90' lang='lat' dir='ltr'><strong>petitur.</strong></span> <span class='ocrx_word' id='word_1_91' title='bbox 646 2235 696 2249; x_wconf 94' lang='lat'>-</span> <span class='ocrx_word' id='word_1_92' title='bbox 713 2195 908 2286; x_wconf 83' lang='lat' dir='ltr'><strong>Eugenius</strong></span> <span class='ocrx_word' id='word_1_93' title='bbox 929 2194 982 2265; x_wconf 94' lang='lat' dir='ltr'><strong>lll</strong></span> <span class='ocrx_word' id='word_1_94' title='bbox 1001 2195 1051 2266; x_wconf 89' lang='lat' dir='ltr'><strong>ab</strong></span> <span class='ocrx_word' id='word_1_95' title='bbox 1071 2218 1117 2266; x_wconf 93' lang='lat' dir='ltr'><strong>co</strong></span> <span class='ocrx_word' id='word_1_96' title='bbox 1140 2197 1189 2266; x_wconf 88' lang='lat' dir='ltr'><strong>ad</strong></span> <span class='ocrx_word' id='word_1_97' title='bbox 1208 2197 1301 2268; x_wconf 89' lang='lat' dir='ltr'><strong>Bur-</strong></span> 
     </span>
     <span class='ocr_line' id='line_1_16' title="bbox 235 2311 1300 2404; baseline 0 -21"><span class='ocrx_word' id='word_1_98' title='bbox 235 2312 420 2404; x_wconf 85' lang='lat' dir='ltr'><strong>gundiam</strong></span> <span class='ocrx_word' id='word_1_99' title='bbox 459 2311 691 2382; x_wconf 86' lang='lat' dir='ltr'><strong>servandam</strong></span> <span class='ocrx_word' id='word_1_100' title='bbox 728 2311 926 2382; x_wconf 84' lang='lat' dir='ltr'><strong>industriae</strong></span> <span class='ocrx_word' id='word_1_101' title='bbox 968 2311 1140 2381; x_wconf 93' lang='lat' dir='ltr'><strong>studium</strong></span> <span class='ocrx_word' id='word_1_102' title='bbox 1176 2322 1300 2402; x_wconf 84' lang='lat' dir='ltr'><strong>rogat,</strong></span> 
     </span>
     <span class='ocr_line' id='line_1_17' title="bbox 236 2425 1303 2523; baseline 0 -25"><span class='ocrx_word' id='word_1_103' title='bbox 236 2451 255 2498; x_wconf 89' lang='lat'>«</span> <span class='ocrx_word' id='word_1_104' title='bbox 277 2428 464 2523; x_wconf 90' lang='lat' dir='ltr'><strong>quoniam</strong></span> <span class='ocrx_word' id='word_1_105' title='bbox 482 2450 552 2520; x_wconf 92' lang='lat' dir='ltr'><strong>per</strong></span> <span class='ocrx_word' id='word_1_106' title='bbox 572 2427 882 2498; x_wconf 86' lang='lat' dir='ltr'><strong>excellentiorem</strong></span> <span class='ocrx_word' id='word_1_107' title='bbox 910 2448 954 2496; x_wconf 86' lang='lat' dir='ltr'><strong>ac</strong></span> <span class='ocrx_word' id='word_1_108' title='bbox 979 2425 1219 2497; x_wconf 86' lang='lat' dir='ltr'><strong>devotiorem</strong></span> <span class='ocrx_word' id='word_1_109' title='bbox 1246 2451 1303 2498; x_wconf 91' lang='lat' dir='ltr'><strong>ec-</strong></span> 
     </span>
     <span class='ocr_line' id='line_1_18' title="bbox 234 2542 1299 2634; baseline -0.001 -19"><span class='ocrx_word' id='word_1_110' title='bbox 234 2544 358 2615; x_wconf 84' lang='lat' dir='ltr'><strong>clcsiae</strong></span> <span class='ocrx_word' id='word_1_111' title='bbox 396 2542 550 2614; x_wconf 90' lang='lat' dir='ltr'><strong>fidelem</strong></span> <span class='ocrx_word' id='word_1_112' title='bbox 587 2565 632 2614; x_wconf 85' lang='lat' dir='ltr'><strong>ac</strong></span> <span class='ocrx_word' id='word_1_113' title='bbox 672 2543 916 2614; x_wconf 80' lang='lat' dir='ltr'><strong>defensorem</strong></span> <span class='ocrx_word' id='word_1_114' title='bbox 956 2564 1037 2613; x_wconf 90' lang='lat' dir='ltr'><strong>non</strong></span> <span class='ocrx_word' id='word_1_115' title='bbox 1073 2551 1229 2634; x_wconf 80' lang='lat' dir='ltr'><strong>potest⁵</strong></span> <span class='ocrx_word' id='word_1_116' title='bbox 1262 2567 1299 2614; x_wconf 77' lang='lat' dir='ltr'><strong>a.</strong></span> 
     </span>
     <span class='ocr_line' id='line_1_19' title="bbox 234 2657 1312 2754; baseline -0.001 -23"><span class='ocrx_word' id='word_1_117' title='bbox 234 2660 527 2731; x_wconf 87' lang='lat' dir='ltr'><strong>Matisconensis</strong></span> <span class='ocrx_word' id='word_1_118' title='bbox 557 2668 686 2730; x_wconf 90' lang='lat' dir='ltr'><strong>autem</strong></span> <span class='ocrx_word' id='word_1_119' title='bbox 714 2660 921 2754; x_wconf 90' lang='lat' dir='ltr'><strong>episcopus</strong></span> <span class='ocrx_word' id='word_1_120' title='bbox 954 2667 992 2728; x_wconf 87' lang='lat' dir='ltr'><strong>et</strong></span> <span class='ocrx_word' id='word_1_121' title='bbox 1021 2657 1312 2742; x_wconf 90' lang='lat' dir='ltr'><strong>Cabilloncnsis</strong></span> 
     </span>
    </p>
   </div>
   <div class='ocr_carea' id='block_1_3' title="bbox 235 2773 1299 2870">
    <p class='ocr_par' dir='ltr' id='par_1_4' title="bbox 235 2773 1299 2870">
     <span class='ocr_line' id='line_1_20' title="bbox 235 2773 1299 2870; baseline 0 -24"><span class='ocrx_word' id='word_1_122' title='bbox 235 2775 347 2870; x_wconf 92' lang='lat' dir='ltr'><strong>quasi</strong></span> <span class='ocrx_word' id='word_1_123' title='bbox 366 2774 408 2845; x_wconf 92' lang='lat' dir='ltr'><strong>in</strong></span> <span class='ocrx_word' id='word_1_124' title='bbox 431 2775 618 2846; x_wconf 89' lang='lat' dir='ltr'><strong>ditionem</strong></span> <span class='ocrx_word' id='word_1_125' title='bbox 646 2774 740 2845; x_wconf 89' lang='lat' dir='ltr'><strong>dant</strong></span> <span class='ocrx_word' id='word_1_126' title='bbox 765 2773 1005 2867; x_wconf 89' lang='lat' dir='ltr'><strong>episcopales</strong></span> <span class='ocrx_word' id='word_1_127' title='bbox 1029 2796 1118 2844; x_wconf 86' lang='lat' dir='ltr'><strong>suas</strong></span> <span class='ocrx_word' id='word_1_128' title='bbox 1143 2773 1261 2846; x_wconf 90' lang='lat' dir='ltr'><strong>urbes</strong></span> <span class='ocrx_word' id='word_1_129' title='bbox 1275 2788 1299 2862; x_wconf 80' lang='lat'><strong>⁸,</strong></span> 
     </span>
    </p>
   </div>
   <div class='ocr_carea' id='block_1_4' title="bbox 232 3017 1303 3318">
    <p class='ocr_par' dir='ltr' id='par_1_5' title="bbox 232 3017 1303 3318">
     <span class='ocr_line' id='line_1_21' title="bbox 232 3017 1302 3076; baseline 0 -12"><span class='ocrx_word' id='word_1_130' title='bbox 232 3018 233 3023; x_wconf 77' lang='grc'>’</span> <span class='ocrx_word' id='word_1_131' title='bbox 262 3031 281 3064; x_wconf 90' lang='grc'><strong>1.</strong></span> <span class='ocrx_word' id='word_1_132' title='bbox 298 3019 369 3064; x_wconf 87' lang='lat' dir='ltr'><strong>luter</strong></span> <span class='ocrx_word' id='word_1_133' title='bbox 388 3020 495 3064; x_wconf 85' lang='lat' dir='ltr'><strong>nomina</strong></span> <span class='ocrx_word' id='word_1_134' title='bbox 515 3019 708 3076; x_wconf 89' lang='lat' dir='ltr'><strong>episcoporum,</strong></span> <span class='ocrx_word' id='word_1_135' title='bbox 727 3018 774 3075; x_wconf 89' lang='lat' dir='ltr'><strong>qui</strong></span> <span class='ocrx_word' id='word_1_136' title='bbox 796 3017 961 3064; x_wconf 83' lang='lat' dir='ltr'><strong>coronationi</strong></span> <span class='ocrx_word' id='word_1_137' title='bbox 984 3017 1099 3075; x_wconf 88' lang='lat' dir='ltr'><strong>Philippi</strong></span> <span class='ocrx_word' id='word_1_138' title='bbox 1119 3017 1131 3063; x_wconf 92' lang='lat'>1</span> <span class='ocrx_word' id='word_1_139' title='bbox 1151 3018 1302 3071; x_wconf 78' lang='lat' dir='ltr'><strong>adfuerunt,</strong></span> 
     </span>
     <span class='ocr_line' id='line_1_22' title="bbox 233 3096 1303 3157; baseline 0.001 -14"><span class='ocrx_word' id='word_1_140' title='bbox 233 3096 359 3157; x_wconf 77' lang='lat' dir='ltr'><strong>leguntur</strong></span> <span class='ocrx_word' id='word_1_141' title='bbox 374 3100 482 3144; x_wconf 83' lang='lat' dir='ltr'><strong>nomina</strong></span> <span class='ocrx_word' id='word_1_142' title='bbox 503 3100 637 3157; x_wconf 81' lang='lat' dir='ltr'><strong>Aganonis</strong></span> <span class='ocrx_word' id='word_1_143' title='bbox 656 3098 906 3156; x_wconf 74' lang='lat' dir='ltr'><strong>Augustoduncnsis</strong></span> <span class='ocrx_word' id='word_1_144' title='bbox 922 3099 1048 3157; x_wconf 83' lang='lat' dir='ltr'><strong>episcopi,</strong></span> <span class='ocrx_word' id='word_1_145' title='bbox 1067 3098 1195 3144; x_wconf 85' lang='lat' dir='ltr'><strong>Harduini</strong></span> <span class='ocrx_word' id='word_1_146' title='bbox 1211 3099 1303 3156; x_wconf 75' lang='lat' dir='ltr'><strong>lingo·</strong></span> 
     </span>
     <span class='ocr_line' id='line_1_23' title="bbox 234 3179 1302 3238; baseline 0.001 -14"><span class='ocrx_word' id='word_1_147' title='bbox 234 3181 323 3226; x_wconf 89' lang='lat' dir='ltr'><strong>nensis</strong></span> <span class='ocrx_word' id='word_1_148' title='bbox 345 3181 470 3238; x_wconf 86' lang='lat' dir='ltr'><strong>episcopi,</strong></span> <span class='ocrx_word' id='word_1_149' title='bbox 496 3179 605 3224; x_wconf 87' lang='lat' dir='ltr'><strong>Accardi</strong></span> <span class='ocrx_word' id='word_1_150' title='bbox 632 3180 819 3225; x_wconf 84' lang='lat' dir='ltr'><strong>cabillonensis</strong></span> <span class='ocrx_word' id='word_1_151' title='bbox 842 3179 966 3238; x_wconf 85' lang='lat' dir='ltr'><strong>episcopi,</strong></span> <span class='ocrx_word' id='word_1_152' title='bbox 996 3179 1114 3236; x_wconf 77' lang='lat' dir='ltr'><strong>Hugonis</strong></span> <span class='ocrx_word' id='word_1_153' title='bbox 1134 3179 1302 3225; x_wconf 86' lang='lat' dir='ltr'><strong>Nivcrnensis</strong></span> 
     </span>
     <span class='ocr_line' id='line_1_24' title="bbox 234 3259 1127 3318; baseline -0.002 -12"><span class='ocrx_word' id='word_1_154' title='bbox 234 3261 359 3318; x_wconf 85' lang='lat' dir='ltr'><strong>episcopi,</strong></span> <span class='ocrx_word' id='word_1_155' title='bbox 372 3260 493 3307; x_wconf 80' lang='lat' dir='ltr'><strong>Godlridi</strong></span> <span class='ocrx_word' id='word_1_156' title='bbox 505 3261 743 3306; x_wconf 86' lang='lat' dir='ltr'><strong>Autissiodorensis</strong></span> <span class='ocrx_word' id='word_1_157' title='bbox 753 3261 870 3318; x_wconf 90' lang='lat' dir='ltr'><strong>episcopi</strong></span> <span class='ocrx_word' id='word_1_158' title='bbox 880 3260 925 3313; x_wconf 87' lang='lat' dir='ltr'><strong>(H.</strong></span> <span class='ocrx_word' id='word_1_159' title='bbox 940 3260 970 3305; x_wconf 89' lang='lat' dir='ltr'><strong>F.</strong></span> <span class='ocrx_word' id='word_1_160' title='bbox 985 3259 1027 3314; x_wconf 86' lang='lat' dir='ltr'><strong>Xl,</strong></span> <span class='ocrx_word' id='word_1_161' title='bbox 1039 3260 1127 3314; x_wconf 66' lang='grc'><strong>3133).</strong></span> 
     </span>
    </p>
   </div>
   <div class='ocr_carea' id='block_1_5' title="bbox 228 3357 1161 3897">
    <p class='ocr_par' dir='ltr' id='par_1_6' title="bbox 228 3357 1161 3897">
     <span class='ocr_line' id='line_1_25' title="bbox 261 3357 946 3415; baseline 0 -13"><span class='ocrx_word' id='word_1_162' title='bbox 261 3371 282 3403; x_wconf 86' lang='grc'><strong>1.</strong></span> <span class='ocrx_word' id='word_1_163' title='bbox 298 3358 328 3402; x_wconf 93' lang='lat' dir='ltr'><strong>ln</strong></span> <span class='ocrx_word' id='word_1_164' title='bbox 339 3357 381 3402; x_wconf 89' lang='lat' dir='ltr'><strong>his</strong></span> <span class='ocrx_word' id='word_1_165' title='bbox 391 3358 546 3415; x_wconf 74' lang='lat' dir='ltr'><strong>Burgundio</strong></span> <span class='ocrx_word' id='word_1_166' title='bbox 558 3358 622 3403; x_wconf 89' lang='lat' dir='ltr'><strong>locis</strong></span> <span class='ocrx_word' id='word_1_167' title='bbox 632 3358 706 3402; x_wconf 78' lang='lat' dir='ltr'><strong>sedet</strong></span> <span class='ocrx_word' id='word_1_168' title='bbox 718 3357 867 3402; x_wconf 87' lang='lat' dir='ltr'><strong>Ludovicus</strong></span> <span class='ocrx_word' id='word_1_169' title='bbox 879 3357 926 3402; x_wconf 95' lang='lat' dir='ltr'><strong>Vll</strong></span> <span class='ocrx_word' id='word_1_170' title='bbox 939 3369 946 3402; x_wconf 77' lang='grc'><strong>1</strong></span> 
     </span>
     <span class='ocr_line' id='line_1_26' title="bbox 329 3435 1009 3492; baseline -0.003 -10"><span class='ocrx_word' id='word_1_171' title='bbox 329 3437 389 3489; x_wconf 79' lang='lat'><strong>1133,</strong></span> <span class='ocrx_word' id='word_1_172' title='bbox 399 3442 479 3483; x_wconf 81' lang='lat' dir='ltr'><strong>avant</strong></span> <span class='ocrx_word' id='word_1_173' title='bbox 491 3437 538 3482; x_wconf 84' lang='grc'><strong>113</strong></span> <span class='ocrx_word' id='word_1_174' title='bbox 549 3437 623 3489; x_wconf 85' lang='lat' dir='ltr'><strong>avril,</strong></span> <span class='ocrx_word' id='word_1_175' title='bbox 636 3437 764 3492; x_wconf 84' lang='lat' dir='ltr'><strong>Auxerre,</strong></span> <span class='ocrx_word' id='word_1_176' title='bbox 774 3437 874 3491; x_wconf 81' lang='lat' dir='ltr'><strong>Autun,</strong></span> <span class='ocrx_word' id='word_1_177' title='bbox 887 3435 1009 3492; x_wconf 80' lang='lat' dir='ltr'><strong>Langrcs,</strong></span> 
     </span>
     <span class='ocr_line' id='line_1_27' title="bbox 329 3518 647 3574; baseline 0 -12"><span class='ocrx_word' id='word_1_178' title='bbox 329 3519 390 3574; x_wconf 86' lang='lat'><strong>1146,</strong></span> <span class='ocrx_word' id='word_1_179' title='bbox 402 3519 427 3562; x_wconf 83' lang='lat'><strong>31</strong></span> <span class='ocrx_word' id='word_1_180' title='bbox 441 3528 518 3574; x_wconf 85' lang='lat' dir='ltr'><strong>mars,</strong></span> <span class='ocrx_word' id='word_1_181' title='bbox 530 3518 647 3574; x_wconf 76' lang='lat' dir='ltr'><strong>Vezelay,</strong></span> 
     </span>
     <span class='ocr_line' id='line_1_28' title="bbox 228 3595 971 3654; baseline -0.004 -12"><span class='ocrx_word' id='word_1_182' title='bbox 228 3624 232 3631; x_wconf 88' lang='lat'><strong>·</strong></span> <span class='ocrx_word' id='word_1_183' title='bbox 329 3599 389 3654; x_wconf 77' lang='lat'><strong>1147,</strong></span> <span class='ocrx_word' id='word_1_184' title='bbox 402 3601 475 3642; x_wconf 87' lang='lat' dir='ltr'><strong>entre</strong></span> <span class='ocrx_word' id='word_1_185' title='bbox 485 3598 509 3642; x_wconf 92' lang='lat' dir='ltr'><strong>le</strong></span> <span class='ocrx_word' id='word_1_186' title='bbox 520 3598 546 3643; x_wconf 84' lang='lat'><strong>18</strong></span> <span class='ocrx_word' id='word_1_187' title='bbox 557 3595 653 3642; x_wconf 77' lang='lat' dir='ltr'><strong>levrier</strong></span> <span class='ocrx_word' id='word_1_188' title='bbox 664 3599 691 3641; x_wconf 92' lang='lat' dir='ltr'><strong>et</strong></span> <span class='ocrx_word' id='word_1_189' title='bbox 704 3596 728 3641; x_wconf 91' lang='lat' dir='ltr'><strong>le</strong></span> <span class='ocrx_word' id='word_1_190' title='bbox 740 3597 767 3640; x_wconf 80' lang='lat'><strong>30</strong></span> <span class='ocrx_word' id='word_1_191' title='bbox 779 3606 858 3649; x_wconf 85' lang='lat' dir='ltr'><strong>mars,</strong></span> <span class='ocrx_word' id='word_1_192' title='bbox 871 3595 971 3651; x_wconf 78' lang='lat' dir='ltr'><strong>Autun,</strong></span> 
     </span>
     <span class='ocr_line' id='line_1_29' title="bbox 330 3677 655 3736; baseline -0.003 -14"><span class='ocrx_word' id='word_1_193' title='bbox 330 3680 389 3735; x_wconf 80' lang='lat'><strong>1147.</strong></span> <span class='ocrx_word' id='word_1_194' title='bbox 401 3677 462 3721; x_wconf 84' lang='lat'>30-31</span> <span class='ocrx_word' id='word_1_195' title='bbox 477 3689 555 3733; x_wconf 83' lang='lat' dir='ltr'><strong>mars,</strong></span> <span class='ocrx_word' id='word_1_196' title='bbox 568 3677 655 3736; x_wconf 87' lang='lat' dir='ltr'><strong>Dijon,</strong></span> 
     </span>
     <span class='ocr_line' id='line_1_30' title="bbox 331 3756 817 3813; baseline -0.002 -12"><span class='ocrx_word' id='word_1_197' title='bbox 331 3759 391 3812; x_wconf 89' lang='grc'><strong>1161,</strong></span> <span class='ocrx_word' id='word_1_198' title='bbox 404 3758 511 3813; x_wconf 79' lang='grc'><strong>1910111,</strong></span> <span class='ocrx_word' id='word_1_199' title='bbox 525 3756 817 3808; x_wconf 76' lang='lat' dir='ltr'><strong>saint-leandeLosne,</strong></span> 
     </span>
     <span class='ocr_line' id='line_1_31' title="bbox 331 3837 1161 3897; baseline 0.001 -14"><span class='ocrx_word' id='word_1_200' title='bbox 331 3840 391 3890; x_wconf 76' lang='grc'><strong>1161.</strong></span> <span class='ocrx_word' id='word_1_201' title='bbox 401 3849 428 3883; x_wconf 89' lang='grc'><strong>11</strong></span> <span class='ocrx_word' id='word_1_202' title='bbox 440 3842 508 3896; x_wconf 91' lang='lat' dir='ltr'><strong>sept.</strong></span> <span class='ocrx_word' id='word_1_203' title='bbox 523 3838 561 3886; x_wconf 89' lang='lat' dir='ltr'><strong>id.</strong></span> <span class='ocrx_word' id='word_1_204' title='bbox 574 3839 727 3893; x_wconf 69' lang='lat' dir='ltr'><strong>(Lucullus,</strong></span> <span class='ocrx_word' id='word_1_205' title='bbox 737 3838 810 3883; x_wconf 84' lang='lat' dir='ltr'><strong>Actes</strong></span> <span class='ocrx_word' id='word_1_206' title='bbox 822 3838 852 3883; x_wconf 84' lang='lat' dir='ltr'><strong>de</strong></span> <span class='ocrx_word' id='word_1_207' title='bbox 861 3837 940 3884; x_wconf 81' lang='lat' dir='ltr'><strong>Leuis</strong></span> <span class='ocrx_word' id='word_1_208' title='bbox 956 3838 1008 3893; x_wconf 87' lang='lat' dir='ltr'><strong>Vll,</strong></span> <span class='ocrx_word' id='word_1_209' title='bbox 1021 3852 1046 3897; x_wconf 90' lang='lat' dir='ltr'><strong>p.</strong></span> <span class='ocrx_word' id='word_1_210' title='bbox 1058 3840 1085 3884; x_wconf 88' lang='grc'><strong>61</strong></span> <span class='ocrx_word' id='word_1_211' title='bbox 1097 3843 1161 3897; x_wconf 85' lang='lat' dir='ltr'><strong>sq.).</strong></span> 
     </span>
    </p>
   </div>
   <div class='ocr_carea' id='block_1_6' title="bbox 236 3935 1304 4153">
    <p class='ocr_par' dir='ltr' id='par_1_7' title="bbox 236 3935 1304 4153">
     <span class='ocr_line' id='line_1_32' title="bbox 263 3935 1303 3996; baseline 0.003 -14"><span class='ocrx_word' id='word_1_212' title='bbox 263 3939 284 3983; x_wconf 85' lang='grc'><strong>3.</strong></span> <span class='ocrx_word' id='word_1_213' title='bbox 297 3940 431 3993; x_wconf 79' lang='lat' dir='ltr'><strong>curretur,</strong></span> <span class='ocrx_word' id='word_1_214' title='bbox 443 3936 549 3981; x_wconf 75' lang='lat' dir='ltr'><strong>Histric</strong></span> <span class='ocrx_word' id='word_1_215' title='bbox 564 3936 684 3981; x_wconf 84' lang='lat' dir='ltr'><strong>Toornos.</strong></span> <span class='ocrx_word' id='word_1_216' title='bbox 697 3937 819 3990; x_wconf 87' lang='lat' dir='ltr'><strong>Preuvcs,</strong></span> <span class='ocrx_word' id='word_1_217' title='bbox 832 3948 860 3994; x_wconf 86' lang='lat' dir='ltr'><strong>p.</strong></span> <span class='ocrx_word' id='word_1_218' title='bbox 875 3937 930 3992; x_wconf 88' lang='lat'><strong>445;</strong></span> <span class='ocrx_word' id='word_1_219' title='bbox 945 3935 1062 3995; x_wconf 76' lang='lat' dir='ltr'><strong>Priusnn,</strong></span> <span class='ocrx_word' id='word_1_220' title='bbox 1078 3937 1185 3989; x_wconf 71' lang='lat' dir='ltr'><strong>Bennett,</strong></span> <span class='ocrx_word' id='word_1_221' title='bbox 1205 3952 1230 3996; x_wconf 93' lang='lat' dir='ltr'><strong>p.</strong></span> <span class='ocrx_word' id='word_1_222' title='bbox 1248 3940 1303 3996; x_wconf 69' lang='lat'><strong>2323</strong></span> 
     </span>
     <span class='ocr_line' id='line_1_33' title="bbox 236 4015 1304 4077; baseline 0.002 -15"><span class='ocrx_word' id='word_1_223' title='bbox 236 4018 302 4063; x_wconf 84' lang='lat' dir='ltr'><strong>Ann.</strong></span> <span class='ocrx_word' id='word_1_224' title='bbox 316 4017 344 4061; x_wconf 84' lang='lat' dir='ltr'><strong>S.</strong></span> <span class='ocrx_word' id='word_1_225' title='bbox 360 4017 469 4077; x_wconf 83' lang='lat' dir='ltr'><strong>Benignt</strong></span> <span class='ocrx_word' id='word_1_226' title='bbox 479 4017 627 4062; x_wconf 81' lang='lat' dir='ltr'><strong>llCXLVll.</strong></span> <span class='ocrx_word' id='word_1_227' title='bbox 639 4041 667 4050; x_wconf 94' lang='lat'>-</span> <span class='ocrx_word' id='word_1_228' title='bbox 680 4017 717 4062; x_wconf 82' lang='lat' dir='ltr'><strong>cf.</strong></span> <span class='ocrx_word' id='word_1_229' title='bbox 736 4017 876 4067; x_wconf 70' lang='lat' dir='ltr'><strong>Lucustae,</strong></span> <span class='ocrx_word' id='word_1_230' title='bbox 888 4015 982 4061; x_wconf 80' lang='lat' dir='ltr'><strong>Etodcs</strong></span> <span class='ocrx_word' id='word_1_231' title='bbox 999 4029 1044 4062; x_wconf 82' lang='lat' dir='ltr'><strong>sor</strong></span> <span class='ocrx_word' id='word_1_232' title='bbox 1056 4017 1091 4061; x_wconf 81' lang='lat' dir='ltr'><strong>lca</strong></span> <span class='ocrx_word' id='word_1_233' title='bbox 1104 4019 1175 4063; x_wconf 83' lang='lat' dir='ltr'><strong>Actes</strong></span> <span class='ocrx_word' id='word_1_234' title='bbox 1185 4019 1215 4064; x_wconf 82' lang='lat' dir='ltr'><strong>de</strong></span> <span class='ocrx_word' id='word_1_235' title='bbox 1226 4019 1304 4064; x_wconf 79' lang='lat' dir='ltr'><strong>Locis</strong></span> 
     </span>
     <span class='ocr_line' id='line_1_34' title="bbox 243 4097 461 4153; baseline -0.009 -11"><span class='ocrx_word' id='word_1_236' title='bbox 243 4097 295 4152; x_wconf 87' lang='lat' dir='ltr'><strong>Vll,</strong></span> <span class='ocrx_word' id='word_1_237' title='bbox 306 4102 342 4140; x_wconf 79' lang='lat' dir='ltr'><strong>n0&#39;</strong></span> <span class='ocrx_word' id='word_1_238' title='bbox 355 4097 401 4153; x_wconf 78' lang='lat'><strong>187,</strong></span> <span class='ocrx_word' id='word_1_239' title='bbox 415 4109 461 4152; x_wconf 82' lang='lat'><strong>199.</strong></span> 
     </span>
    </p>
   </div>
   <div class='ocr_carea' id='block_1_7' title="bbox 227 4193 915 4348">
    <p class='ocr_par' dir='ltr' id='par_1_8' title="bbox 227 4193 915 4348">
     <span class='ocr_line' id='line_1_35' title="bbox 227 4193 915 4250; baseline 0 -12"><span class='ocrx_word' id='word_1_240' title='bbox 227 4208 233 4214; x_wconf 74' lang='grc'><strong>“</strong></span> <span class='ocrx_word' id='word_1_241' title='bbox 264 4196 283 4250; x_wconf 95' lang='lat'><strong>4.</strong></span> <span class='ocrx_word' id='word_1_242' title='bbox 297 4195 431 4248; x_wconf 78' lang='lat' dir='ltr'><strong>(luuntur,</strong></span> <span class='ocrx_word' id='word_1_243' title='bbox 444 4195 505 4239; x_wconf 83' lang='lat' dir='ltr'><strong>lltst.</strong></span> <span class='ocrx_word' id='word_1_244' title='bbox 518 4193 548 4238; x_wconf 85' lang='lat' dir='ltr'><strong>de</strong></span> <span class='ocrx_word' id='word_1_245' title='bbox 563 4193 685 4248; x_wconf 84' lang='lat' dir='ltr'><strong>Tournus,</strong></span> <span class='ocrx_word' id='word_1_246' title='bbox 696 4193 818 4248; x_wconf 87' lang='lat' dir='ltr'><strong>Prcuvcs,</strong></span> <span class='ocrx_word' id='word_1_247' title='bbox 829 4206 855 4250; x_wconf 89' lang='lat' dir='ltr'><strong>p.</strong></span> <span class='ocrx_word' id='word_1_248' title='bbox 865 4195 915 4249; x_wconf 86' lang='lat'><strong>445.</strong></span> 
     </span>
     <span class='ocr_line' id='line_1_36' title="bbox 264 4291 643 4348; baseline -0.003 -12"><span class='ocrx_word' id='word_1_249' title='bbox 264 4294 286 4340; x_wconf 89' lang='lat'><strong>5.</strong></span> <span class='ocrx_word' id='word_1_250' title='bbox 303 4292 333 4337; x_wconf 89' lang='lat' dir='ltr'><strong>H.</strong></span> <span class='ocrx_word' id='word_1_251' title='bbox 347 4292 375 4348; x_wconf 77' lang='lat' dir='ltr'><strong>F,</strong></span> <span class='ocrx_word' id='word_1_252' title='bbox 386 4291 439 4346; x_wconf 88' lang='lat' dir='ltr'><strong>XV,</strong></span> <span class='ocrx_word' id='word_1_253' title='bbox 454 4293 504 4347; x_wconf 73' lang='lat'><strong>432.</strong></span> <span class='ocrx_word' id='word_1_254' title='bbox 518 4291 583 4336; x_wconf 91' lang='lat' dir='ltr'><strong>lbid.</strong></span> <span class='ocrx_word' id='word_1_255' title='bbox 594 4291 643 4347; x_wconf 80' lang='lat'><strong>477.</strong></span> 
     </span>
    </p>
   </div>
   <div class='ocr_carea' id='block_1_8' title="bbox 238 4388 1307 4610">
    <p class='ocr_par' dir='ltr' id='par_1_9' title="bbox 238 4388 1307 4610">
     <span class='ocr_line' id='line_1_37' title="bbox 264 4388 1305 4451; baseline 0.005 -17"><span class='ocrx_word' id='word_1_256' title='bbox 264 4393 286 4434; x_wconf 92' lang='grc'><strong>6.</strong></span> <span class='ocrx_word' id='word_1_257' title='bbox 302 4391 432 4445; x_wconf 77' lang='lat' dir='ltr'><strong>Rogamus</strong></span> <span class='ocrx_word' id='word_1_258' title='bbox 445 4393 474 4434; x_wconf 89' lang='lat' dir='ltr'><strong>ut</strong></span> <span class='ocrx_word' id='word_1_259' title='bbox 488 4390 555 4433; x_wconf 89' lang='lat' dir='ltr'><strong>duos</strong></span> <span class='ocrx_word' id='word_1_260' title='bbox 565 4389 597 4432; x_wconf 89' lang='lat' dir='ltr'><strong>de</strong></span> <span class='ocrx_word' id='word_1_261' title='bbox 608 4388 710 4443; x_wconf 88' lang='lat' dir='ltr'><strong>vestris,</strong></span> <span class='ocrx_word' id='word_1_262' title='bbox 726 4401 840 4445; x_wconf 88' lang='lat' dir='ltr'><strong>quorum</strong></span> <span class='ocrx_word' id='word_1_263' title='bbox 850 4389 952 4434; x_wconf 84' lang='lat' dir='ltr'><strong>alterin</strong></span> <span class='ocrx_word' id='word_1_264' title='bbox 965 4393 1106 4449; x_wconf 85' lang='lat' dir='ltr'><strong>episcopio,</strong></span> <span class='ocrx_word' id='word_1_265' title='bbox 1123 4393 1189 4438; x_wconf 83' lang='lat' dir='ltr'><strong>alter</strong></span> <span class='ocrx_word' id='word_1_266' title='bbox 1201 4395 1227 4438; x_wconf 92' lang='lat' dir='ltr'><strong>in</strong></span> <span class='ocrx_word' id='word_1_267' title='bbox 1240 4407 1305 4451; x_wconf 82' lang='lat' dir='ltr'><strong>qua-</strong></span> 
     </span>
     <span class='ocr_line' id='line_1_38' title="bbox 240 4469 1307 4531; baseline 0.005 -16"><span class='ocrx_word' id='word_1_268' title='bbox 240 4472 300 4516; x_wconf 87' lang='lat' dir='ltr'><strong>dam</strong></span> <span class='ocrx_word' id='word_1_269' title='bbox 313 4470 375 4514; x_wconf 86' lang='lat' dir='ltr'><strong>villa</strong></span> <span class='ocrx_word' id='word_1_270' title='bbox 388 4473 478 4514; x_wconf 84' lang='lat' dir='ltr'><strong>nostru</strong></span> <span class='ocrx_word' id='word_1_271' title='bbox 491 4469 524 4514; x_wconf 81' lang='lat' dir='ltr'><strong>ad</strong></span> <span class='ocrx_word' id='word_1_272' title='bbox 536 4469 644 4514; x_wconf 79' lang='lat' dir='ltr'><strong>tutelam</strong></span> <span class='ocrx_word' id='word_1_273' title='bbox 662 4472 782 4526; x_wconf 85' lang='lat' dir='ltr'><strong>ponatur,</strong></span> <span class='ocrx_word' id='word_1_274' title='bbox 802 4469 853 4513; x_wconf 92' lang='lat' dir='ltr'><strong>huc</strong></span> <span class='ocrx_word' id='word_1_275' title='bbox 871 4472 1047 4516; x_wconf 84' lang='lat' dir='ltr'><strong>transmittere</strong></span> <span class='ocrx_word' id='word_1_276' title='bbox 1060 4474 1211 4530; x_wconf 80' lang='lat' dir='ltr'><strong>dignemini,</strong></span> <span class='ocrx_word' id='word_1_277' title='bbox 1223 4475 1307 4531; x_wconf 82' lang='lat' dir='ltr'><strong>quiet</strong></span> 
     </span>
     <span class='ocr_line' id='line_1_39' title="bbox 238 4549 1307 4610; baseline 0.004 -13"><span class='ocrx_word' id='word_1_278' title='bbox 238 4563 327 4598; x_wconf 88' lang='lat' dir='ltr'><strong>rerum</strong></span> <span class='ocrx_word' id='word_1_279' title='bbox 339 4555 490 4595; x_wconf 85' lang='lat' dir='ltr'><strong>nostrarum</strong></span> <span class='ocrx_word' id='word_1_280' title='bbox 505 4553 532 4594; x_wconf 91' lang='lat' dir='ltr'><strong>ct</strong></span> <span class='ocrx_word' id='word_1_281' title='bbox 552 4550 657 4594; x_wconf 77' lang='lat' dir='ltr'><strong>civitatis</strong></span> <span class='ocrx_word' id='word_1_282' title='bbox 677 4551 764 4592; x_wconf 75' lang='lat' dir='ltr'><strong>cestre</strong></span> <span class='ocrx_word' id='word_1_283' title='bbox 780 4560 869 4594; x_wconf 84' lang='lat' dir='ltr'><strong>curam</strong></span> <span class='ocrx_word' id='word_1_284' title='bbox 888 4549 1038 4601; x_wconf 84' lang='lat' dir='ltr'><strong>habeant...</strong></span> <span class='ocrx_word' id='word_1_285' title='bbox 1062 4553 1099 4598; x_wconf 90' lang='lat' dir='ltr'><strong>De</strong></span> <span class='ocrx_word' id='word_1_286' title='bbox 1113 4557 1213 4610; x_wconf 73' lang='lat' dir='ltr'><strong>cetero,</strong></span> <span class='ocrx_word' id='word_1_287' title='bbox 1230 4557 1307 4601; x_wconf 82' lang='lat' dir='ltr'><strong>aude-</strong></span> 
     </span>
    </p>
   </div>
   <div class='ocr_carea' id='block_1_9' title="bbox 0 0 1548 5446">
    <p class='ocr_par' dir='ltr' id='par_1_10' title="bbox 0 0 1548 5446">
     <span class='ocr_line' id='line_1_40' title="bbox 0 0 1548 5446; baseline 0 0"><span class='ocrx_word' id='word_1_288' title='bbox 0 0 1548 5446; x_wconf 95' lang='lat' dir='ltr'><strong> </strong></span> 
     </span>
    </p>
   </div>
  </div>
 </body>
</html>
