3082 5446
698 640 838 698 -38-

284 768 476 839 Robertus
509 768 526 839 Ι
554 768 714 861 ejusque
752 791 993 839 successores
1030 773 1216 840 caverunt
1254 791 1303 839 ne

234 883 330 954 illud
360 885 564 954 consilium
592 896 831 971 revocarent,
859 894 910 971 et,
944 885 998 954 eis
1035 886 1300 974 regnantibus,

234 999 468 1071 Divionense
486 995 655 1070 castrum
667 1000 1029 1093 Burgundiaecaput
1041 1001 1187 1070 factum
1208 1005 1299 1071 est¹.

237 1115 307 1185 llic
323 1115 523 1186 castellum
538 1117 752 1186 secundum
771 1117 885 1208 hujus
900 1116 1087 1209 temporis
1107 1125 1303 1208 praecepta

237 1230 470 1301 aedificatum
502 1231 684 1318 habuere,
721 1232 966 1302 meridionali
994 1231 1097 1325 parti
1125 1232 1302 1324 antiquo·

235 1367 323 1417 rum
337 1368 587 1417 romanorum
608 1349 796 1418 moenium
815 1347 1023 1436 accubans,
1055 1370 1143 1440 quae
1172 1346 1302 1417 Sarra·

236 1484 421 1535 cenorum
459 1485 593 1534 murus
631 1464 859 1551 dicuntur¹;
889 1472 1040 1556 postea,
1063 1486 1152 1533 cum
1176 1462 1304 1534 Divio-

235 1601 354 1650 nense
382 1588 553 1649 castrum
571 1589 704 1650 aestate
733 1580 950 1672 praesertim
968 1579 1166 1649 insalubre
1186 1588 1301 1666 esset,

236 1694 348 1785 Hugo
357 1694 392 1765 ΙΙ
402 1695 517 1786 jussit
531 1695 663 1766 villam
680 1695 755 1765 sibi
766 1696 839 1765 sub
851 1696 1007 1765 Oscarae
1022 1695 1128 1787 ripas
1141 1695 1300 1781 exstrui,

235 1809 372 1879 mediis
396 1811 437 1879 in
453 1811 574 1903 pratis
594 1833 680 1903 quae
696 1811 828 1881 Sancti
847 1810 1009 1900 Benigni
1022 1811 1303 1880 monachorum

237 1929 383 1997 erant³.
410 1925 638 1996 Divionensi
658 1948 813 2019 quoquc
844 1926 885 1994 in
912 1935 1038 1995 castro
1057 1925 1098 1995 id
1117 1924 1303 2015 agebatur

237 2041 343 2133 quod
363 2041 515 2133 imperii
531 2040 716 2133 cujusque
737 2040 846 2110 ducis
862 2041 972 2133 quasi
997 2042 1149 2110 initium
1168 2039 1303 2110 haberi

236 2165 379 2248 potest.
401 2156 534 2227 Novus
550 2157 653 2226 enim
667 2156 759 2242 dux,
777 2156 870 2225 dum
880 2157 1103 2249 propinqui,
1120 2156 1299 2241 ministri,

263 2512 282 2544 1.
294 2499 348 2546 Hac
360 2503 522 2557 tempestate,
534 2500 620 2557 capud
631 2499 741 2544 ducatus
754 2499 910 2554 Burgundiae
922 2502 1038 2543 castrum
1048 2498 1207 2543 Divionense
1224 2510 1299 2556 repu-

236 2583 314 2631 tatur,
327 2584 353 2625 et
362 2581 448 2637 capud
461 2580 580 2624 Divionis
597 2579 709 2624 Ecclesia
721 2579 863 2623 beatissimi
884 2579 1086 2635 Protomariyris
1103 2578 1228 2635 Stephani
1245 2579 1300 2622 rore

235 2660 388 2717 perhibetur
400 2659 470 2712 (Vita
485 2660 611 2714 Garnerii,
622 2671 647 2714 p.
666 2660 721 2710 125).
735 2660 781 2714 Sq.
795 2670 855 2716 pag.
876 2658 945 2702 idem
958 2662 1050 2702 auctor
1061 2659 1113 2709 ait:
1126 2658 1185 2702 «Ex
1197 2670 1228 2702 eo
1241 2662 1304 2703 tcm-

235 2752 299 2797 pore
311 2744 426 2784 castrum
447 2740 551 2783 Divion.
574 2739 607 2783 ab
630 2738 765 2795 Episcopis
787 2738 994 2793 Lingonensibus
1016 2742 1076 2782 ante
1095 2750 1256 2795 possessum,
1276 2739 1302 2781 in

236 2823 393 2877 potestatem
415 2823 440 2863 et
462 2819 638 2876 principatum
662 2818 772 2862 ducatus
796 2817 910 2861 devenit.
923 2830 935 2860 r
949 2818 986 2861 Ci.
1005 2818 1082 2861 verba
1103 2817 1200 2874 quibus
1219 2818 1302 2862 utitur

237 2899 367 2944 liebertus
379 2899 388 2943 l
400 2900 428 2943 in
440 2898 491 2942 fine
501 2899 578 2956 primi
586 2898 626 2942 sui
640 2897 803 2955 diplomatis:
815 2899 879 2942 Acta
887 2897 1003 2941 sunthcc
1011 2898 1082 2954 apud
1093 2897 1213 2942 Castrum
1222 2898 1304 2941 divio-

234 2991 315 3024 nense
327 2979 421 3032 (Perrr,
432 2982 452 3027 t.
466 2979 486 3033 l,
494 2978 534 3022 Pr.
545 2982 619 3033 17).-
632 2978 668 3022 Eo
677 2978 791 3034 primum
803 2981 919 3034 ternpore
930 2977 1081 3034 Burgundia
1092 2981 1171 3033 caput
1180 2977 1303 3031 habebat,

234 3060 331 3105 etenim
350 3042 448 3103 errarii
460 3040 541 3103 4Ρκτιτ
563 3059 626 3102 dum
647 3057 758 3101 affirmat
771 3057 982 3102 antissiodorum
1001 3060 1080 3113 caput
1097 3057 1207 3101 ducatus
1222 3058 1302 3102 luisse

234 3152 305 3184 nono
315 3140 403 3183 seculo
415 3142 442 3182 ct
454 3137 638 3190 docimotHist.
652 3137 694 3180 des
707 3136 773 3180 Ducs
786 3134 923 3193 Cupiiiieus,
937 3140 957 3180 t.
972 3136 1003 3190 11,
1015 3137 1127 3191 introd,
1137 3149 1165 3193 p.
1179 3140 1232 3181 vet
1245 3141 1303 3194 sq.).

234 3220 273 3264 Ita
285 3218 403 3269 credidit,
423 3218 495 3274 quod
513 3218 579 3261 salso
598 3217 786 3272 interpretatus
804 3220 845 3260 cst
859 3217 940 3260 rerba
953 3217 1085 3261 «ducatus
1098 3230 1110 3259 u
1122 3220 1149 3261 et
1160 3230 1173 3260 e
1185 3216 1277 3261 civitas
1290 3230 1302 3259 ι

234 3299 262 3343 in
277 3298 439 3356 quibusdam
455 3297 618 3341 documentis
629 3295 755 3339 adhibita.
773 3295 812 3343 Cf.
828 3296 859 3340 H.
872 3299 956 3348 Srnru,
970 3296 1008 3340 La
1021 3295 1126 3352 capitale
1138 3296 1172 3340 du
1183 3293 1261 3340 duche'
1274 3295 1304 3342 dc

235 3379 386 3437 Bourgoguc
403 3389 453 3421 aux
471 3387 507 3420 1x⁸
525 3380 548 3421 et
565 3387 590 3421 x⁰
600 3372 695 3420 sidetes.
712 3376 792 3421 llecuc
806 3375 848 3420 des
860 3377 986 3433 questions
999 3376 1149 3434 historiques
1160 3375 1220 3431 1889,
1233 3380 1253 3421 t.
1271 3376 1303 3428 ΙΙ,

234 3471 260 3516 p.
271 3459 370 3513 258-264.

262 3579 285 3613 2.
298 3566 327 3609 ln
340 3565 432 3610 Castro
444 3564 598 3608 Divionensi
617 3567 644 3608 et
660 3564 687 3608 in
705 3565 784 3608 domo
801 3575 859 3608 mea
871 3564 976 3621 propria
988 3563 1098 3616 (Robcrte'
1109 3564 1124 3607 Ι
1136 3563 1262 3620 Diptome,
1274 3577 1299 3614 a.

237 3646 297 3700 mit.
318 3645 404 3699 Pnrrr,
422 3648 441 3689 t.
460 3657 480 3699 1,
498 3647 537 3687 Pr.
559 3644 605 3695 36),
625 3667 650 3676 -
675 3643 807 3687 Reversus
822 3647 862 3688 est
878 3644 1035 3695 (ludovicus
1053 3643 1098 3687 Vll
1115 3656 1163 3687 rex
1181 3644 1304 3696 Francia)

236 3724 308 3783 apud
318 3724 481 3768 ilirionem...
491 3724 523 3768 Et
532 3724 652 3780 sequenti
661 3736 764 3767 summo
773 3736 849 3766 mane
859 3724 931 3767 venit
943 3735 1030 3767 eomes
1038 3723 1165 3768 llenricus
1174 3723 1208 3768 ad
1216 3736 1304 3780 regem

236 3806 263 3850 in
273 3805 370 3862 palatio
381 3804 454 3848 ducis
464 3803 621 3859 Burgundiu‘
632 3804 760 3856 (Huoosts
773 3803 859 3846 Vrznn.
875 3803 936 3846 Hist.
949 3803 994 3847 lib.
1008 3802 1052 3850 tv.
1067 3803 1166 3847 liliosa.
1180 3803 1210 3851 Ρ,
1226 3804 1266 3855 L..
1279 3808 1300 3849 t.

237 3885 345 3939 CXCIV,
358 3885 409 3932 col.
426 3884 496 3938 1634).
511 3907 538 3916 -
550 3883 588 3927 De
601 3884 686 3941 primo
699 3883 796 3927 ducum
806 3883 911 3941 palatio,
924 3883 1005 3940 quod,
1015 3886 1046 3926 ut
1057 3883 1171 3938 videtur,
1183 3883 1304 3928 hodierni

236 3965 327 4023 palatii
342 3965 428 4009 locum
441 3976 495 4007 non
506 3964 619 4017 tenebat,
633 3963 693 4008 vide
710 3963 825 4018 Bounor,
845 3961 932 4007 Notice
950 3975 996 4007 sur
1014 3962 1036 4006 le
1051 3962 1135 4019 pelais
1148 3963 1191 4006 cies
1208 3964 1260 4007 reis
1274 3962 1304 4008 de

236 4045 387 4104 Bourgognc
396 4047 420 4088 ei
430 4055 475 4095 sur
484 4043 547 4087 celui
557 4043 677 4087 construit
688 4055 737 4099 par
747 4041 781 4086 les
795 4041 863 4085 Ducs
875 4039 890 4086 ἁ
904 4042 983 4099 Dijon
995 4039 1138 4094 (itlimotres
1150 4043 1180 4087 de
1190 4042 1215 4086 lu
1229 4042 1304 4087 Com·

237 4124 394 4170 missiondes
406 4120 547 4180 Antiquitds
560 4124 589 4167 dc
607 4123 632 4167 lu
650 4121 790 4176 Coie-d'Or,
808 4135 868 4167 ann.
883 4123 991 4176 1832-33).
1013 4123 1039 4166 Si
1057 4122 1162 4167 Boudot
1181 4122 1303 4174 creditur,

237 4205 314 4262 Ilugo
335 4204 370 4248 lll
390 4205 498 4248 domum
509 4203 628 4247 ducalem
647 4204 674 4247 in
690 4203 920 4260 septentrionalem
933 4202 1006 4246 urbis
1020 4205 1119 4259 partem
1130 4203 1265 4247 transtulit
1277 4206 1304 4247 ct

237 4285 376 4344 pristinam
387 4284 441 4328 tilio
452 4287 516 4327 natu
528 4284 623 4327 minori
637 4282 789 4328 Alexandro
800 4283 917 4327 tradidit.

262 4393 285 4436 3.
300 4391 399 4436 Notitie
410 4390 478 4434 tradi
491 4389 622 4445 volumus,
636 4389 775 4445 Hugoncm
783 4389 897 4441 nomine,
908 4389 1007 4432 Ducem
1024 4388 1179 4444 Burgundie‚
1192 4389 1304 4434 Divionc

238 4471 288 4516 sibi
300 4472 409 4515 domum
422 4475 447 4516 et
458 4470 507 4515 sub
520 4470 600 4515 domo
612 4473 708 4525 ortum,
721 4470 839 4515 suborto
856 4472 969 4524 pratum,
986 4467 1063 4524 Juxta
1080 4471 1187 4524 pontem
1198 4468 1304 4526 Oscare,

237 4552 265 4595 in
276 4554 346 4595 terra
357 4563 408 4608 que
421 4562 501 4609 prope
514 4550 598 4595 furnis
608 4553 656 4605 est,
669 4550 775 4595 ccclesia
792 4549 861 4594 beati
875 4548 984 4604 Benigni
999 4548 1133 4592 edificasse
1143 4551 1237 4606 (Perre,
1249 4554 1269 4598 t.
1283 4551 1303 4606 1,

236 4629 281 4676 Pr.
294 4630 352 4684 195).
