3082 5446
767 581 909 636 -66-

306 712 537 802 burgundiae
553 710 675 796 lilius,
703 732 791 779 cum
807 710 1013 802 episcopus
1030 703 1181 780 creatus
1201 721 1272 798 cst,
1290 732 1372 778 rui·

308 850 387 913 suS,
409 850 479 896 nec
505 826 642 896 codem
663 826 795 911 modu,
813 825 1118 895 controversiam
1132 826 1371 913 renovavit¹.
1402 868 1404 872 ·

356 942 578 1012 Domestica
623 951 813 1034 potestate
862 941 1037 1027 innixuS,
1085 941 1273 1011 Henricus
1310 941 1375 1010 ille

307 1059 544 1129 Vizeliacum
573 1058 702 1127 subito
731 1056 957 1140 vindicavit,
989 1067 1039 1144 et,
1062 1057 1203 1126 Pontio
1234 1050 1374 1126 abbate

308 1183 494 1263 negante,
536 1165 663 1243 fratris
696 1173 806 1241 ducis
849 1171 1035 1241 auxilium
1071 1172 1227 1264 petivit,
1268 1173 1375 1265 quod

308 1289 420 1379 Hugo
446 1288 670 1359 Pictavinus
694 1289 753 1357 his
782 1288 910 1357 verbis
931 1287 1165 1358 denuntiat:
1194 1311 1214 1358 «
1234 1287 1376 1381 Repul-

309 1428 374 1474 sus
401 1404 607 1496 episcopus
630 1404 670 1473 vi
698 1413 927 1495 extorquere
953 1403 1089 1489 voluit,
1116 1403 1222 1496 quod
1251 1404 1375 1474 subri-

307 1542 398 1612 pere
432 1518 614 1591 actionali
643 1520 909 1611 pcrsecutione
947 1540 1028 1587 non
1056 1520 1228 1611 potuit...
1260 1519 1373 1590 Arbi-

307 1645 431 1705 tratus
460 1645 589 1705 autem
622 1656 735 1704 suum
759 1656 874 1726 posse
903 1635 1032 1718 minus
1065 1656 1148 1703 esse
1182 1634 1374 1704 sulliciens

308 1751 357 1821 ad
383 1751 672 1844 praemeditatos
703 1749 982 1843 perficiendum
1013 1759 1188 1836 conatuS,
1216 1750 1375 1820 fratrem

309 1888 422 1935 suum
442 1867 593 1952 ducem,
611 1875 649 1935 et
671 1864 767 1934 alios
788 1866 904 1934 etiam
919 1865 1055 1934 iratres
1076 1887 1166 1936 suos
1180 1866 1222 1934 in
1241 1866 1375 1936 odium

308 1982 488 2051 Ecclesiae
508 1982 697 2069 incitavit,
710 1992 747 2051 et
762 2003 831 2074 per
851 1998 920 2050 eos
932 1981 1044 2073 quasi
1059 1989 1303 2073 potentatum
1316 1989 1374 2052 to·

308 2098 384 2167 tius
403 2096 635 2186 Burgundiae
650 2097 692 2166 in
706 2097 858 2166 ruinam
873 2105 911 2165 et
928 2096 1182 2186 dejectionem
1192 2096 1374 2167 Ecclesiae

280 2291 283 2297 ,
309 2212 461 2306 appulit
489 2223 527 2282 et
539 2259 541 2265 -
554 2213 705 2304 impulit
720 2236 740 2282 »
755 2210 778 2282 ¹.
797 2212 885 2281 Odo
901 2234 1006 2300 ver0,
1025 2213 1093 2304 qui
1108 2220 1223 2281 antea·
1241 2233 1375 2282 mona·

309 2328 691 2398 chosVizeliacenses
708 2326 893 2397 adversus
903 2326 1180 2398 Nivernensem
1195 2328 1376 2399 comitem

309 2440 568 2530 defenderat¹,
597 2442 694 2512 adeo
727 2465 808 2512 non
837 2442 1066 2512 bellicosum
1093 2442 1204 2512 illum
1232 2445 1377 2536 episco-

309 2581 405 2652 pum
424 2558 571 2650 placari
591 2567 627 2628 et
643 2559 741 2628 iram
764 2579 909 2649 ponere
925 2557 1052 2648 jussit,
1081 2567 1125 2628 ut
1139 2558 1326 2629 auxilium
1341 2560 1376 2630 ei

308 2674 531 2766 praebuerit,
557 2674 728 2762 Eugenio
753 2695 858 2765 papa
885 2673 1132 2744 vehementer
1151 2685 1336 2768 querente
1347 2682 1371 2748 ⁴.

309 2788 419 2858 Unde
458 2798 587 2857 ortum
624 2797 682 2857 est
719 2787 865 2857 bellum
895 2791 1125 2878 acerrimum
1160 2812 1168 2859 :
1205 2791 1372 2861 abbatiae

309 2903 405 2974 fines
444 2904 639 2995 ⁸occupati
696 2913 809 2990 sunt,
860 2905 941 2994 agri
983 2905 1147 2993 vastati,
1200 2905 1376 2977 homines
1429 2920 1433 2929 ’

310 3019 539 3112 deprehensi
564 3028 602 3089 et
627 3020 703 3110 ipsi
728 3020 908 3089 monachi
934 3021 1087 3106 vexati;
1117 3021 1282 3091 vetitum
1319 3030 1377 3093 est

337 3259 356 3291 1.
371 3247 409 3291 De
428 3246 503 3292 bellis
526 3247 638 3301 Henrici,
659 3247 907 3305 Augustodunensis
927 3248 1051 3307 episcopi,
1076 3249 1203 3295 adversus
1223 3250 1376 3296 Vizeliacen·

274 3351 279 3357 ·
310 3339 365 3371 sem
382 3327 522 3382 abbatiam,
534 3327 591 3383 lege
609 3328 754 3385 praescrtim
764 3327 903 3373 Historiam
918 3328 1091 3373 Vizeliacensis
1104 3331 1259 3385 monasterii,
1276 3333 1376 3390 auctore

310 3407 420 3450 lluooru
430 3406 584 3461 Plurimum
593 3408 637 3451 lib.
649 3408 671 3451 Il
679 3408 786 3460 (libanu.
797 3407 826 3451 Ρ.
837 3408 862 3452 L.
874 3412 892 3452 t.
902 3407 1009 3463 CXCIV,
1017 3409 1065 3452 col.
1077 3410 1128 3465 1575
1138 3414 1178 3467 sq)
1188 3413 1214 3454 et
1222 3410 1331 3455 Euonuu
1341 3410 1375 3455 111

308 3499 380 3542 papae
390 3485 516 3540 Epistolos
526 3488 586 3540 (HF.
596 3488 661 3542 XV).

336 3588 358 3619 a.
374 3575 438 3620 nist.
452 3575 526 3622 Vizel.
540 3580 645 3621 monast.
656 3578 686 3621 ab
696 3578 806 3622 lluooru
816 3578 967 3634 Pruravuvo,
978 3579 1030 3634 11,3
1042 3579 1148 3634 (litora,
1159 3578 1189 3628 P.
1199 3583 1225 3624 L.
1237 3583 1257 3624 t.
1267 3579 1374 3635 CXCIV,

310 3656 441 3712 col.1578).

335 3746 357 3788 3.
373 3745 463 3801 ltaque
476 3747 607 3801 Eugenius
618 3746 652 3789 lll
665 3746 702 3789 illi
716 3746 834 3802 scripsit:
845 3760 857 3789 c
869 3746 907 3790 lle
925 3750 969 3791 tua
988 3747 1125 3792 nobilitate
1142 3748 1286 3804 plurimum
1297 3748 1378 3794 conli-

310 3825 408 3880 dentes,
426 3825 496 3868 idem
515 3826 714 3891 monasterium,
734 3829 760 3869 et
779 3838 837 3881 quae
854 3827 887 3870 ad
905 3828 991 3883 ipsum
1009 3828 1149 3884 pertinent,
1165 3829 1313 3874 strenuitati
1324 3832 1377 3874 tuae

310 3905 434 3949 duximus
446 3905 817 3949 attentiuscommendandum
831 3920 842 3949 a
854 3906 894 3957 (ll.
908 3907 936 3950 F.
952 3907 1007 3962 XV,
1022 3908 1080 3962 432).

336 3995 358 4049 4.
373 3993 579 4050 Significatum...
594 3993 670 4037 nobis
683 3997 731 4047 est,
744 3995 816 4051 quod
829 3995 965 4039 ecclesiam
979 3996 1004 4040 S.
1015 3997 1101 4042 Maria
1111 3997 1264 4053 Magdalene
1281 4000 1308 4043 et
1319 3999 1377 4055 ejus

308 4074 426 4118 homines
447 4073 577 4128 inquietas
596 4073 774 4130 multipliciter
786 4079 811 4118 et
822 4075 938 4119 infestas.
970 4076 1048 4132 Quod
1060 4080 1135 4121 tanto
1144 4078 1251 4133 gravius
1261 4077 1377 4133 ferimus,

310 4156 410 4209 quanto
422 4165 561 4210 personam
580 4156 653 4196 tuam
672 4155 836 4210 propensiori
854 4155 959 4198 caritate
978 4156 1119 4212 diligimus,
1136 4160 1163 4201 ct
1175 4157 1287 4202 salutem
1304 4160 1377 4202 tuam

309 4233 403 4277 debitis
428 4232 609 4277 affectionibus
633 4238 817 4290 praeoptamus.
846 4235 960 4291 Ideoque
984 4248 1032 4292 per
1053 4237 1189 4293 prasentia
1209 4238 1257 4282 tibi
1281 4238 1377 4295 scripta

309 4313 464 4356 mandamus
476 4313 600 4368 quatinus
611 4317 782 4357 memoratam
799 4314 934 4358 ecclesiam
953 4319 979 4359 et
991 4316 1048 4372 ejus
1064 4317 1185 4361 homines
1202 4317 1326 4362 infestare
1343 4318 1376 4362 de

308 4397 398 4437 eutero
416 4405 470 4437 non
483 4404 631 4449 praesumas,
652 4406 683 4437 nc
697 4395 806 4438 iteratus
825 4394 924 4438 clamor
942 4395 975 4438 ad
993 4399 1096 4440 nostras
1115 4409 1191 4442 aures
1209 4397 1303 4442 debeat
1320 4410 1377 4455 per·

307 4473 396 4517 venire
411 4473 529 4527 (Euounn
542 4473 577 4518 lll
593 4473 685 4530 Epist„
704 4473 738 4518 ad
753 4474 875 4518 Odonem
894 4474 1051 4530 Burgundiae
1064 4476 1166 4532 ducem,
1185 4477 1245 4532 1148,
1263 4478 1277 4522 3
1295 4478 1373 4536 april.

308 4553 338 4596 H.
351 4553 380 4597 F.
396 4552 450 4607 XV,
464 4553 522 4607 448).
