<?xml version="1.0" encoding="UTF-8"?>
<!DOCTYPE html PUBLIC "-//W3C//DTD XHTML 1.0 Transitional//EN"
    "http://www.w3.org/TR/xhtml1/DTD/xhtml1-transitional.dtd">
<html xmlns="http://www.w3.org/1999/xhtml" xml:lang="en" lang="en">
 <head>
  <title>
</title>
<meta http-equiv="Content-Type" content="text/html;charset=utf-8" />
  <meta name='ocr-system' content='tesseract 3.04.00' />
  <meta name='ocr-capabilities' content='ocr_page ocr_carea ocr_par ocr_line ocrx_word'/>
</head>
<body>
  <div class='ocr_page' id='page_1' title='image "./quomodoprimiduc00kleigoog_0122.png"; bbox 0 0 3082 5446; ppageno 0'>
   <div class='ocr_carea' id='block_1_1' title="bbox 697 605 834 662">
    <p class='ocr_par' dir='ltr' id='par_1_1' title="bbox 697 605 834 662">
     <span class='ocr_line' id='line_1_1' title="bbox 697 605 834 662; baseline 0 -14"><span class='ocrx_word' id='word_1_1' title='bbox 697 605 834 662; x_wconf 72' lang='lat'>„99..</span> 
     </span>
    </p>
   </div>
   <div class='ocr_carea' id='block_1_2' title="bbox 233 735 1302 2564">
    <p class='ocr_par' dir='ltr' id='par_1_2' title="bbox 233 735 1299 1039">
     <span class='ocr_line' id='line_1_2' title="bbox 233 735 1298 830; baseline -0.001 -24"><span class='ocrx_word' id='word_1_2' title='bbox 233 735 388 828; x_wconf 85' lang='lat' dir='ltr'>vocavit</span> <span class='ocrx_word' id='word_1_3' title='bbox 406 735 626 807; x_wconf 86' lang='lat' dir='ltr'>Ludovieus</span> <span class='ocrx_word' id='word_1_4' title='bbox 646 736 731 824; x_wconf 89' lang='lat' dir='ltr'>Vll,</span> <span class='ocrx_word' id='word_1_5' title='bbox 754 744 791 805; x_wconf 91' lang='lat' dir='ltr'>et</span> <span class='ocrx_word' id='word_1_6' title='bbox 819 746 1029 830; x_wconf 80' lang='lat' dir='ltr'>postquam</span> <span class='ocrx_word' id='word_1_7' title='bbox 1047 735 1197 828; x_wconf 86' lang='lat' dir='ltr'>aliquot</span> <span class='ocrx_word' id='word_1_8' title='bbox 1215 735 1298 805; x_wconf 92' lang='lat' dir='ltr'>dies</span> 
     </span>
     <span class='ocr_line' id='line_1_3' title="bbox 233 851 1299 945; baseline 0 -24"><span class='ocrx_word' id='word_1_9' title='bbox 233 852 478 921; x_wconf 78' lang='lat' dir='ltr'>Vehementer</span> <span class='ocrx_word' id='word_1_10' title='bbox 496 852 738 945; x_wconf 93' lang='lat' dir='ltr'>disputatum</span> <span class='ocrx_word' id='word_1_11' title='bbox 757 861 828 940; x_wconf 89' lang='grc'><strong>661,</strong></span> <span class='ocrx_word' id='word_1_12' title='bbox 860 853 1091 922; x_wconf 84' lang='lat' dir='ltr'>sententiam</span> <span class='ocrx_word' id='word_1_13' title='bbox 1116 873 1184 920; x_wconf 85' lang='lat' dir='ltr'>rex</span> <span class='ocrx_word' id='word_1_14' title='bbox 1203 851 1299 921; x_wconf 85' lang='lat' dir='ltr'>dixit</span> 
     </span>
     <span class='ocr_line' id='line_1_4' title="bbox 234 963 575 1039; baseline 0.006 -2"><span class='ocrx_word' id='word_1_15' title='bbox 234 968 323 1039; x_wconf 89' lang='lat' dir='ltr'>duci</span> <span class='ocrx_word' id='word_1_16' title='bbox 337 968 541 1038; x_wconf 88' lang='lat' dir='ltr'>adversam</span> <span class='ocrx_word' id='word_1_17' title='bbox 551 963 575 1039; x_wconf 90' lang='lat'>¹.</span> 
     </span>
    </p>

    <p class='ocr_par' dir='ltr' id='par_1_3' title="bbox 233 1082 1301 2331">
     <span class='ocr_line' id='line_1_5' title="bbox 283 1082 1298 1177; baseline -0.001 -24"><span class='ocrx_word' id='word_1_18' title='bbox 283 1082 372 1172; x_wconf 90' lang='lat' dir='ltr'>Quo</span> <span class='ocrx_word' id='word_1_19' title='bbox 399 1083 544 1153; x_wconf 85' lang='lat' dir='ltr'>sactum</span> <span class='ocrx_word' id='word_1_20' title='bbox 571 1094 628 1154; x_wconf 91' lang='lat' dir='ltr'>est</span> <span class='ocrx_word' id='word_1_21' title='bbox 655 1093 711 1172; x_wconf 88' lang='lat' dir='ltr'>ut,</span> <span class='ocrx_word' id='word_1_22' title='bbox 741 1083 878 1174; x_wconf 83' lang='lat' dir='ltr'>viginti</span> <span class='ocrx_word' id='word_1_23' title='bbox 911 1092 949 1152; x_wconf 90' lang='grc'>61</span> <span class='ocrx_word' id='word_1_24' title='bbox 982 1085 1153 1177; x_wconf 92' lang='lat' dir='ltr'>quinque</span> <span class='ocrx_word' id='word_1_25' title='bbox 1187 1084 1298 1153; x_wconf 88' lang='lat' dir='ltr'>annis</span> 
     </span>
     <span class='ocr_line' id='line_1_6' title="bbox 234 1199 1298 1294; baseline -0.001 -25"><span class='ocrx_word' id='word_1_26' title='bbox 234 1210 384 1293; x_wconf 88' lang='lat' dir='ltr'>postea,</span> <span class='ocrx_word' id='word_1_27' title='bbox 406 1220 508 1269; x_wconf 91' lang='lat' dir='ltr'>anno</span> <span class='ocrx_word' id='word_1_28' title='bbox 531 1221 623 1294; x_wconf 76' lang='lat'>1179</span> <span class='ocrx_word' id='word_1_29' title='bbox 652 1199 714 1270; x_wconf 86' lang='lat' dir='ltr'>vel</span> <span class='ocrx_word' id='word_1_30' title='bbox 742 1199 848 1285; x_wconf 89' lang='lat'>1180,</span> <span class='ocrx_word' id='word_1_31' title='bbox 870 1199 1041 1269; x_wconf 83' lang='lat' dir='ltr'>Franciae</span> <span class='ocrx_word' id='word_1_32' title='bbox 1069 1221 1137 1268; x_wconf 86' lang='lat' dir='ltr'>rex</span> <span class='ocrx_word' id='word_1_33' title='bbox 1170 1222 1192 1269; x_wconf 89' lang='lat' dir='ltr'>a</span> <span class='ocrx_word' id='word_1_34' title='bbox 1220 1199 1298 1268; x_wconf 90' lang='lat' dir='ltr'>filio</span> 
     </span>
     <span class='ocr_line' id='line_1_7' title="bbox 233 1313 1296 1409; baseline 0 -25"><span class='ocrx_word' id='word_1_35' title='bbox 233 1313 428 1409; x_wconf 90' lang='lat' dir='ltr'>Philippo,</span> <span class='ocrx_word' id='word_1_36' title='bbox 450 1315 518 1408; x_wconf 92' lang='lat' dir='ltr'>qui</span> <span class='ocrx_word' id='word_1_37' title='bbox 537 1316 631 1385; x_wconf 92' lang='lat' dir='ltr'>olim</span> <span class='ocrx_word' id='word_1_38' title='bbox 644 1316 846 1409; x_wconf 92' lang='lat' dir='ltr'>Philippus</span> <span class='ocrx_word' id='word_1_39' title='bbox 865 1315 1065 1405; x_wconf 85' lang='lat' dir='ltr'>Augustus</span> <span class='ocrx_word' id='word_1_40' title='bbox 1080 1315 1296 1400; x_wconf 88' lang='lat' dir='ltr'>vocabitur,</span> 
     </span>
     <span class='ocr_line' id='line_1_8' title="bbox 235 1430 1299 1524; baseline 0.001 -25"><span class='ocrx_word' id='word_1_41' title='bbox 235 1430 401 1521; x_wconf 86' lang='lat' dir='ltr'>adjutus,</span> <span class='ocrx_word' id='word_1_42' title='bbox 436 1431 487 1500; x_wconf 94' lang='lat' dir='ltr'>ob</span> <span class='ocrx_word' id='word_1_43' title='bbox 526 1430 753 1501; x_wconf 88' lang='lat' dir='ltr'>clericorum</span> <span class='ocrx_word' id='word_1_44' title='bbox 789 1431 1003 1524; x_wconf 91' lang='lat' dir='ltr'>populique</span> <span class='ocrx_word' id='word_1_45' title='bbox 1046 1430 1299 1521; x_wconf 84' lang='lat' dir='ltr'>Lingonensis</span> 
     </span>
     <span class='ocr_line' id='line_1_9' title="bbox 234 1544 1299 1638; baseline 0 -24"><span class='ocrx_word' id='word_1_46' title='bbox 234 1544 469 1635; x_wconf 82' lang='lat' dir='ltr'>fidelitatem,</span> <span class='ocrx_word' id='word_1_47' title='bbox 501 1569 570 1617; x_wconf 93' lang='lat' dir='ltr'>suo</span> <span class='ocrx_word' id='word_1_48' title='bbox 604 1547 760 1616; x_wconf 94' lang='lat' dir='ltr'>nomine</span> <span class='ocrx_word' id='word_1_49' title='bbox 793 1557 830 1617; x_wconf 88' lang='lat' dir='ltr'>ct</span> <span class='ocrx_word' id='word_1_50' title='bbox 863 1567 1142 1634; x_wconf 88' lang='lat' dir='ltr'>successorum,</span> <span class='ocrx_word' id='word_1_51' title='bbox 1173 1568 1299 1638; x_wconf 91' lang='lat' dir='ltr'>neque</span> 
     </span>
     <span class='ocr_line' id='line_1_10' title="bbox 234 1660 1301 1755; baseline -0.001 -24"><span class='ocrx_word' id='word_1_52' title='bbox 234 1660 451 1751; x_wconf 84' lang='lat' dir='ltr'>Lingonum</span> <span class='ocrx_word' id='word_1_53' title='bbox 480 1662 674 1732; x_wconf 85' lang='lat' dir='ltr'>civitatem</span> <span class='ocrx_word' id='word_1_54' title='bbox 702 1684 773 1732; x_wconf 89' lang='lat' dir='ltr'>nec</span> <span class='ocrx_word' id='word_1_55' title='bbox 803 1673 926 1734; x_wconf 85' lang='lat' dir='ltr'>terras</span> <span class='ocrx_word' id='word_1_56' title='bbox 955 1662 1005 1732; x_wconf 89' lang='lat' dir='ltr'>ad</span> <span class='ocrx_word' id='word_1_57' title='bbox 1033 1663 1301 1755; x_wconf 85' lang='lat' dir='ltr'>episcopatum</span> 
     </span>
     <span class='ocr_line' id='line_1_11' title="bbox 234 1777 1301 1870; baseline 0.001 -25"><span class='ocrx_word' id='word_1_58' title='bbox 234 1777 469 1869; x_wconf 80' lang='lat' dir='ltr'>pertinentes</span> <span class='ocrx_word' id='word_1_59' title='bbox 497 1800 516 1846; x_wconf 92' lang='lat' dir='ltr'>e</span> <span class='ocrx_word' id='word_1_60' title='bbox 540 1778 646 1868; x_wconf 84' lang='lat' dir='ltr'>regio</span> <span class='ocrx_word' id='word_1_61' title='bbox 675 1777 847 1847; x_wconf 92' lang='lat' dir='ltr'>dominio</span> <span class='ocrx_word' id='word_1_62' title='bbox 873 1800 1047 1870; x_wconf 91' lang='lat' dir='ltr'>unquam</span> <span class='ocrx_word' id='word_1_63' title='bbox 1076 1778 1301 1847; x_wconf 88' lang='lat' dir='ltr'>decessuros</span> 
     </span>
     <span class='ocr_line' id='line_1_12' title="bbox 235 1893 1301 1987; baseline 0.001 -26"><span class='ocrx_word' id='word_1_64' title='bbox 235 1915 318 1962; x_wconf 91' lang='lat' dir='ltr'>esse</span> <span class='ocrx_word' id='word_1_65' title='bbox 347 1893 560 1986; x_wconf 88' lang='lat' dir='ltr'>promisit¹.</span> <span class='ocrx_word' id='word_1_66' title='bbox 590 1893 648 1963; x_wconf 89' lang='lat' dir='ltr'>lta</span> <span class='ocrx_word' id='word_1_67' title='bbox 674 1894 810 1964; x_wconf 89' lang='lat' dir='ltr'>civitas</span> <span class='ocrx_word' id='word_1_68' title='bbox 840 1894 920 1982; x_wconf 90' lang='lat' dir='ltr'>illa,</span> <span class='ocrx_word' id='word_1_69' title='bbox 949 1916 1036 1987; x_wconf 84' lang='lat' dir='ltr'>quae</span> <span class='ocrx_word' id='word_1_70' title='bbox 1069 1893 1301 1983; x_wconf 86' lang='lat' dir='ltr'>Burgundiae</span> 
     </span>
     <span class='ocr_line' id='line_1_13' title="bbox 235 2007 1298 2102; baseline 0.002 -26"><span class='ocrx_word' id='word_1_71' title='bbox 235 2007 429 2078; x_wconf 89' lang='lat' dir='ltr'>fortunam</span> <span class='ocrx_word' id='word_1_72' title='bbox 441 2008 489 2077; x_wconf 89' lang='lat' dir='ltr'>ab</span> <span class='ocrx_word' id='word_1_73' title='bbox 500 2008 635 2079; x_wconf 94' lang='lat' dir='ltr'>ultima</span> <span class='ocrx_word' id='word_1_74' title='bbox 645 2010 876 2102; x_wconf 85' lang='lat' dir='ltr'>antiquitate</span> <span class='ocrx_word' id='word_1_75' title='bbox 892 2031 1044 2102; x_wconf 83' lang='lat' dir='ltr'>semper</span> <span class='ocrx_word' id='word_1_76' title='bbox 1058 2018 1189 2078; x_wconf 90' lang='lat' dir='ltr'>secuta</span> <span class='ocrx_word' id='word_1_77' title='bbox 1203 2017 1298 2095; x_wconf 87' lang='lat' dir='ltr'>erat,</span> 
     </span>
     <span class='ocr_line' id='line_1_14' title="bbox 236 2123 1301 2217; baseline 0 -25"><span class='ocrx_word' id='word_1_78' title='bbox 236 2123 403 2193; x_wconf 89' lang='lat' dir='ltr'>alienata</span> <span class='ocrx_word' id='word_1_79' title='bbox 431 2133 502 2210; x_wconf 88' lang='lat' dir='ltr'>est,</span> <span class='ocrx_word' id='word_1_80' title='bbox 536 2124 820 2214; x_wconf 86' lang='lat' dir='ltr'>Lingonensem</span> <span class='ocrx_word' id='word_1_81' title='bbox 848 2125 1116 2217; x_wconf 88' lang='lat' dir='ltr'>episcopatum</span> <span class='ocrx_word' id='word_1_82' title='bbox 1147 2132 1301 2193; x_wconf 87' lang='lat' dir='ltr'>tenente</span> 
     </span>
     <span class='ocr_line' id='line_1_15' title="bbox 236 2239 1114 2331; baseline -0.001 -22"><span class='ocrx_word' id='word_1_83' title='bbox 236 2239 422 2327; x_wconf 90' lang='lat' dir='ltr'>Galteri0‚</span> <span class='ocrx_word' id='word_1_84' title='bbox 445 2241 512 2331; x_wconf 91' lang='lat' dir='ltr'>qui</span> <span class='ocrx_word' id='word_1_85' title='bbox 532 2262 552 2308; x_wconf 91' lang='grc'>6</span> <span class='ocrx_word' id='word_1_86' title='bbox 572 2239 699 2309; x_wconf 89' lang='lat' dir='ltr'>ducali</span> <span class='ocrx_word' id='word_1_87' title='bbox 719 2240 835 2309; x_wconf 92' lang='lat' dir='ltr'>domo</span> <span class='ocrx_word' id='word_1_88' title='bbox 856 2249 964 2310; x_wconf 90' lang='lat' dir='ltr'>ortus</span> <span class='ocrx_word' id='word_1_89' title='bbox 984 2239 1114 2309; x_wconf 81' lang='lat' dir='ltr'>erat³i</span> 
     </span>
    </p>

    <p class='ocr_par' dir='ltr' id='par_1_4' title="bbox 236 2355 1302 2564">
     <span class='ocr_line' id='line_1_16' title="bbox 285 2355 1302 2446; baseline -0.002 -21"><span class='ocrx_word' id='word_1_90' title='bbox 285 2355 387 2444; x_wconf 87' lang='lat' dir='ltr'>Quia</span> <span class='ocrx_word' id='word_1_91' title='bbox 412 2356 493 2426; x_wconf 92' lang='lat' dir='ltr'>sine</span> <span class='ocrx_word' id='word_1_92' title='bbox 515 2356 797 2426; x_wconf 89' lang='lat' dir='ltr'>intermissione</span> <span class='ocrx_word' id='word_1_93' title='bbox 818 2355 989 2425; x_wconf 89' lang='lat' dir='ltr'>Franciae</span> <span class='ocrx_word' id='word_1_94' title='bbox 1004 2376 1112 2446; x_wconf 83' lang='lat' dir='ltr'>reges</span> <span class='ocrx_word' id='word_1_95' title='bbox 1128 2356 1302 2445; x_wconf 86' lang='lat' dir='ltr'>Burgun-</span> 
     </span>
     <span class='ocr_line' id='line_1_17' title="bbox 236 2461 1302 2564; baseline 0 -25"><span class='ocrx_word' id='word_1_96' title='bbox 236 2470 309 2540; x_wconf 84' lang='lat' dir='ltr'>diae</span> <span class='ocrx_word' id='word_1_97' title='bbox 342 2494 403 2541; x_wconf 87' lang='lat' dir='ltr'>res</span> <span class='ocrx_word' id='word_1_98' title='bbox 427 2472 629 2559; x_wconf 79' lang='lat' dir='ltr'>curabant,</span> <span class='ocrx_word' id='word_1_99' title='bbox 665 2472 770 2564; x_wconf 94' lang='lat' dir='ltr'>quod</span> <span class='ocrx_word' id='word_1_100' title='bbox 794 2493 926 2542; x_wconf 87' lang='lat' dir='ltr'>rursus</span> <span class='ocrx_word' id='word_1_101' title='bbox 955 2471 1082 2542; x_wconf 92' lang='lat' dir='ltr'>evenit</span> <span class='ocrx_word' id='word_1_102' title='bbox 1105 2472 1147 2540; x_wconf 92' lang='lat' dir='ltr'>in</span> <span class='ocrx_word' id='word_1_103' title='bbox 1169 2461 1302 2539; x_wconf 88' lang='lat' dir='ltr'>litibus</span> 
     </span>
    </p>
   </div>
   <div class='ocr_carea' id='block_1_3' title="bbox 229 2796 1303 3736">
    <p class='ocr_par' dir='ltr' id='par_1_5' title="bbox 229 2796 1303 3736">
     <span class='ocr_line' id='line_1_18' title="bbox 263 2796 1302 2859; baseline -0.001 -17"><span class='ocrx_word' id='word_1_104' title='bbox 263 2810 282 2842; x_wconf 88' lang='lat'>1.</span> <span class='ocrx_word' id='word_1_105' title='bbox 295 2797 436 2854; x_wconf 89' lang='lat' dir='ltr'>Sententia,</span> <span class='ocrx_word' id='word_1_106' title='bbox 455 2810 535 2855; x_wconf 86' lang='lat' dir='ltr'>quam</span> <span class='ocrx_word' id='word_1_107' title='bbox 553 2798 667 2842; x_wconf 83' lang='lat' dir='ltr'>Franciae</span> <span class='ocrx_word' id='word_1_108' title='bbox 684 2810 731 2842; x_wconf 84' lang='lat' dir='ltr'>rex</span> <span class='ocrx_word' id='word_1_109' title='bbox 749 2797 817 2851; x_wconf 87' lang='lat' dir='ltr'>tulit,</span> <span class='ocrx_word' id='word_1_110' title='bbox 827 2797 924 2842; x_wconf 87' lang='lat' dir='ltr'>talibus</span> <span class='ocrx_word' id='word_1_111' title='bbox 944 2797 1031 2842; x_wconf 88' lang='lat' dir='ltr'>verbis</span> <span class='ocrx_word' id='word_1_112' title='bbox 1051 2801 1092 2842; x_wconf 90' lang='lat' dir='ltr'>est</span> <span class='ocrx_word' id='word_1_113' title='bbox 1108 2797 1228 2859; x_wconf 84' lang='lat' dir='ltr'>scripta:</span> <span class='ocrx_word' id='word_1_114' title='bbox 1247 2796 1302 2852; x_wconf 85' lang='lat' dir='ltr'>Ego</span> 
     </span>
     <span class='ocr_line' id='line_1_19' title="bbox 234 2875 1303 2934; baseline -0.002 -12"><span class='ocrx_word' id='word_1_115' title='bbox 234 2877 383 2922; x_wconf 87' lang='lat' dir='ltr'>Ludovieus</span> <span class='ocrx_word' id='word_1_116' title='bbox 396 2878 442 2922; x_wconf 90' lang='lat' dir='ltr'>Dei</span> <span class='ocrx_word' id='word_1_117' title='bbox 455 2879 538 2934; x_wconf 87' lang='lat' dir='ltr'>gratia</span> <span class='ocrx_word' id='word_1_118' title='bbox 547 2878 603 2922; x_wconf 83' lang='lat' dir='ltr'>Rex</span> <span class='ocrx_word' id='word_1_119' title='bbox 615 2879 775 2923; x_wconf 84' lang='lat' dir='ltr'>Francorum</span> <span class='ocrx_word' id='word_1_120' title='bbox 786 2880 813 2920; x_wconf 91' lang='lat' dir='ltr'>et</span> <span class='ocrx_word' id='word_1_121' title='bbox 824 2877 895 2922; x_wconf 86' lang='lat' dir='ltr'>Dux.</span> <span class='ocrx_word' id='word_1_122' title='bbox 908 2878 993 2934; x_wconf 82' lang='lat' dir='ltr'>Regiae</span> <span class='ocrx_word' id='word_1_123' title='bbox 1009 2878 1178 2922; x_wconf 89' lang='lat' dir='ltr'>sublimitatis</span> <span class='ocrx_word' id='word_1_124' title='bbox 1192 2875 1303 2921; x_wconf 81' lang='grc'><strong>6610111-</strong></span> 
     </span>
     <span class='ocr_line' id='line_1_20' title="bbox 235 2957 1303 3016; baseline -0.001 -14"><span class='ocrx_word' id='word_1_125' title='bbox 235 2959 304 3002; x_wconf 92' lang='lat' dir='ltr'>cium</span> <span class='ocrx_word' id='word_1_126' title='bbox 317 2970 362 3002; x_wconf 90' lang='lat' dir='ltr'>eos</span> <span class='ocrx_word' id='word_1_127' title='bbox 381 2959 426 3014; x_wconf 90' lang='lat' dir='ltr'>qui</span> <span class='ocrx_word' id='word_1_128' title='bbox 439 2959 570 3015; x_wconf 74' lang='lat' dir='ltr'>Justitiam</span> <span class='ocrx_word' id='word_1_129' title='bbox 589 2959 786 3016; x_wconf 79' lang='lat' dir='ltr'>subterfugiunt</span> <span class='ocrx_word' id='word_1_130' title='bbox 803 2959 951 3011; x_wconf 89' lang='lat' dir='ltr'>humiliare,</span> <span class='ocrx_word' id='word_1_131' title='bbox 968 2957 1088 3002; x_wconf 82' lang='lat' dir='ltr'>subditos</span> <span class='ocrx_word' id='word_1_132' title='bbox 1107 2961 1134 3002; x_wconf 91' lang='lat' dir='ltr'>et</span> <span class='ocrx_word' id='word_1_133' title='bbox 1150 2957 1303 3001; x_wconf 84' lang='lat' dir='ltr'>obedientes</span> 
     </span>
     <span class='ocr_line' id='line_1_21' title="bbox 236 3035 1302 3096; baseline -0.001 -15"><span class='ocrx_word' id='word_1_134' title='bbox 236 3038 350 3082; x_wconf 85' lang='lat' dir='ltr'>exaltare</span> <span class='ocrx_word' id='word_1_135' title='bbox 363 3041 388 3082; x_wconf 88' lang='lat' dir='ltr'>et</span> <span class='ocrx_word' id='word_1_136' title='bbox 400 3039 499 3082; x_wconf 85' lang='lat' dir='ltr'>eisdem</span> <span class='ocrx_word' id='word_1_137' title='bbox 511 3038 544 3083; x_wconf 90' lang='lat' dir='ltr'>ad</span> <span class='ocrx_word' id='word_1_138' title='bbox 556 3039 686 3096; x_wconf 87' lang='lat' dir='ltr'>integrum</span> <span class='ocrx_word' id='word_1_139' title='bbox 696 3050 850 3083; x_wconf 86' lang='lat' dir='ltr'>conservare</span> <span class='ocrx_word' id='word_1_140' title='bbox 865 3040 909 3096; x_wconf 78' lang='lat' dir='ltr'>Jus</span> <span class='ocrx_word' id='word_1_141' title='bbox 926 3050 1015 3086; x_wconf 79' lang='lat' dir='ltr'>suum.</span> <span class='ocrx_word' id='word_1_142' title='bbox 1038 3037 1136 3082; x_wconf 89' lang='lat' dir='ltr'>Notum</span> <span class='ocrx_word' id='word_1_143' title='bbox 1155 3038 1235 3093; x_wconf 86' lang='lat' dir='ltr'>igitur</span> <span class='ocrx_word' id='word_1_144' title='bbox 1246 3035 1302 3080; x_wconf 85' lang='lat' dir='ltr'>lieri</span> 
     </span>
     <span class='ocr_line' id='line_1_22' title="bbox 235 3101 1302 3176; baseline -0.001 -15"><span class='ocrx_word' id='word_1_145' title='bbox 235 3117 359 3162; x_wconf 83' lang='lat' dir='ltr'>volumus</span> <span class='ocrx_word' id='word_1_146' title='bbox 372 3121 425 3162; x_wconf 83' lang='lat' dir='ltr'>tam</span> <span class='ocrx_word' id='word_1_147' title='bbox 435 3101 608 3175; x_wconf 84' lang='lat' dir='ltr'>praesentibus</span> <span class='ocrx_word' id='word_1_148' title='bbox 625 3131 704 3176; x_wconf 87' lang='lat' dir='ltr'>qnam</span> <span class='ocrx_word' id='word_1_149' title='bbox 723 3119 819 3164; x_wconf 84' lang='lat' dir='ltr'>futuris</span> <span class='ocrx_word' id='word_1_150' title='bbox 835 3119 949 3176; x_wconf 88' lang='lat' dir='ltr'>qualiter</span> <span class='ocrx_word' id='word_1_151' title='bbox 961 3117 1120 3162; x_wconf 83' lang='lat' dir='ltr'>Godesridus</span> <span class='ocrx_word' id='word_1_152' title='bbox 1131 3107 1302 3172; x_wconf 82' lang='lat' dir='ltr'>Lingonensis</span> 
     </span>
     <span class='ocr_line' id='line_1_23' title="bbox 234 3196 1302 3256; baseline -0.002 -15"><span class='ocrx_word' id='word_1_153' title='bbox 234 3196 379 3255; x_wconf 83' lang='lat' dir='ltr'>Episcopus</span> <span class='ocrx_word' id='word_1_154' title='bbox 388 3202 415 3243; x_wconf 89' lang='lat' dir='ltr'>et</span> <span class='ocrx_word' id='word_1_155' title='bbox 427 3198 487 3245; x_wconf 91' lang='lat' dir='ltr'>Odo</span> <span class='ocrx_word' id='word_1_156' title='bbox 498 3199 558 3244; x_wconf 86' lang='lat' dir='ltr'>Dux</span> <span class='ocrx_word' id='word_1_157' title='bbox 571 3199 727 3256; x_wconf 84' lang='lat' dir='ltr'>Burgundiae</span> <span class='ocrx_word' id='word_1_158' title='bbox 736 3198 763 3242; x_wconf 88' lang='lat' dir='ltr'>in</span> <span class='ocrx_word' id='word_1_159' title='bbox 772 3200 844 3243; x_wconf 87' lang='lat' dir='ltr'>curia</span> <span class='ocrx_word' id='word_1_160' title='bbox 853 3203 944 3244; x_wconf 86' lang='lat' dir='ltr'>nostra</span> <span class='ocrx_word' id='word_1_161' title='bbox 958 3198 1140 3256; x_wconf 86' lang='lat' dir='ltr'>placitaveriut</span> <span class='ocrx_word' id='word_1_162' title='bbox 1146 3201 1172 3241; x_wconf 90' lang='lat' dir='ltr'>et</span> <span class='ocrx_word' id='word_1_163' title='bbox 1182 3197 1216 3240; x_wconf 87' lang='lat' dir='ltr'>ad</span> <span class='ocrx_word' id='word_1_164' title='bbox 1223 3207 1302 3252; x_wconf 88' lang='lat' dir='ltr'>quem</span> 
     </span>
     <span class='ocr_line' id='line_1_24' title="bbox 231 3272 1302 3337; baseline -0.001 -17"><span class='ocrx_word' id='word_1_165' title='bbox 231 3272 313 3321; x_wconf 75' lang='lat' dir='ltr'>&#39;finem</span> <span class='ocrx_word' id='word_1_166' title='bbox 326 3290 367 3323; x_wconf 88' lang='lat' dir='ltr'>res</span> <span class='ocrx_word' id='word_1_167' title='bbox 387 3280 513 3335; x_wconf 84' lang='lat' dir='ltr'>perducta</span> <span class='ocrx_word' id='word_1_168' title='bbox 531 3281 633 3324; x_wconf 81' lang='lat' dir='ltr'>suerit...</span> <span class='ocrx_word' id='word_1_169' title='bbox 658 3279 705 3323; x_wconf 90' lang='lat' dir='ltr'>His</span> <span class='ocrx_word' id='word_1_170' title='bbox 727 3279 759 3323; x_wconf 88' lang='lat' dir='ltr'>de</span> <span class='ocrx_word' id='word_1_171' title='bbox 779 3281 864 3324; x_wconf 89' lang='lat' dir='ltr'>causis</span> <span class='ocrx_word' id='word_1_172' title='bbox 877 3279 977 3337; x_wconf 75' lang='lat' dir='ltr'>Judicio</span> <span class='ocrx_word' id='word_1_173' title='bbox 996 3279 1073 3323; x_wconf 84' lang='lat' dir='ltr'>curiae</span> <span class='ocrx_word' id='word_1_174' title='bbox 1094 3276 1302 3334; x_wconf 86' lang='lat' dir='ltr'>abjudicavimns</span> 
     </span>
     <span class='ocr_line' id='line_1_25' title="bbox 235 3356 1303 3417; baseline -0.004 -13"><span class='ocrx_word' id='word_1_175' title='bbox 235 3360 315 3404; x_wconf 90' lang='lat' dir='ltr'>Ducis</span> <span class='ocrx_word' id='word_1_176' title='bbox 328 3360 447 3416; x_wconf 90' lang='lat' dir='ltr'>querelas</span> <span class='ocrx_word' id='word_1_177' title='bbox 457 3373 526 3414; x_wconf 88' lang='lat' dir='ltr'>snas,</span> <span class='ocrx_word' id='word_1_178' title='bbox 539 3361 682 3417; x_wconf 89' lang='lat' dir='ltr'>Episcopos</span> <span class='ocrx_word' id='word_1_179' title='bbox 695 3373 755 3405; x_wconf 89' lang='lat' dir='ltr'>suas</span> <span class='ocrx_word' id='word_1_180' title='bbox 767 3361 842 3405; x_wconf 86' lang='lat' dir='ltr'>reddi</span> <span class='ocrx_word' id='word_1_181' title='bbox 860 3359 954 3404; x_wconf 89' lang='lat' dir='ltr'>debere</span> <span class='ocrx_word' id='word_1_182' title='bbox 969 3358 1146 3415; x_wconf 84' lang='lat' dir='ltr'>judicavimus</span> <span class='ocrx_word' id='word_1_183' title='bbox 1164 3357 1208 3411; x_wconf 87' lang='grc'><strong>(1).</strong></span> <span class='ocrx_word' id='word_1_184' title='bbox 1223 3356 1303 3400; x_wconf 74' lang='lat' dir='ltr'>Penn-</span> 
     </span>
     <span class='ocr_line' id='line_1_26' title="bbox 235 3436 1302 3497; baseline -0.005 -12"><span class='ocrx_word' id='word_1_185' title='bbox 235 3452 310 3496; x_wconf 81' lang='lat' dir='ltr'>cuun‚</span> <span class='ocrx_word' id='word_1_186' title='bbox 322 3444 342 3485; x_wconf 93' lang='lat' dir='ltr'>t.</span> <span class='ocrx_word' id='word_1_187' title='bbox 358 3439 379 3487; x_wconf 91' lang='lat'>1.</span> <span class='ocrx_word' id='word_1_188' title='bbox 392 3439 514 3495; x_wconf 85' lang='lat' dir='ltr'>Preuvcs,</span> <span class='ocrx_word' id='word_1_189' title='bbox 528 3444 569 3496; x_wconf 77' lang='lat'>72).</span> <span class='ocrx_word' id='word_1_190' title='bbox 580 3441 619 3485; x_wconf 82' lang='lat' dir='ltr'>Gi.</span> <span class='ocrx_word' id='word_1_191' title='bbox 636 3441 686 3485; x_wconf 79' lang='lat' dir='ltr'>HF.</span> <span class='ocrx_word' id='word_1_192' title='bbox 700 3440 754 3497; x_wconf 82' lang='lat' dir='ltr'>XV,</span> <span class='ocrx_word' id='word_1_193' title='bbox 768 3441 819 3497; x_wconf 68' lang='lat'>674.</span> <span class='ocrx_word' id='word_1_194' title='bbox 831 3439 911 3496; x_wconf 82' lang='lat' dir='ltr'>Epist.</span> <span class='ocrx_word' id='word_1_195' title='bbox 920 3451 993 3496; x_wconf 84' lang='lat' dir='ltr'>papae</span> <span class='ocrx_word' id='word_1_196' title='bbox 1003 3437 1113 3482; x_wconf 81' lang='lat' dir='ltr'>Adriani</span> <span class='ocrx_word' id='word_1_197' title='bbox 1122 3436 1204 3482; x_wconf 86' lang='lat' dir='ltr'>IVad</span> <span class='ocrx_word' id='word_1_198' title='bbox 1218 3436 1302 3481; x_wconf 87' lang='lat' dir='ltr'>Gode-</span> 
     </span>
     <span class='ocr_line' id='line_1_27' title="bbox 229 3513 1301 3582; baseline -0.002 -20"><span class='ocrx_word' id='word_1_199' title='bbox 229 3513 341 3573; x_wconf 71' lang='lat' dir='ltr'>indum,</span> <span class='ocrx_word' id='word_1_200' title='bbox 359 3521 550 3577; x_wconf 88' lang='lat' dir='ltr'>Lingonensem</span> <span class='ocrx_word' id='word_1_201' title='bbox 571 3521 732 3582; x_wconf 85' lang='lat' dir='ltr'>episcopum,</span> <span class='ocrx_word' id='word_1_202' title='bbox 752 3533 805 3577; x_wconf 89' lang='lat' dir='ltr'>qua</span> <span class='ocrx_word' id='word_1_203' title='bbox 826 3519 983 3564; x_wconf 88' lang='lat' dir='ltr'>seutentiam</span> <span class='ocrx_word' id='word_1_204' title='bbox 1002 3517 1127 3562; x_wconf 90' lang='lat' dir='ltr'>Ludovici</span> <span class='ocrx_word' id='word_1_205' title='bbox 1145 3516 1192 3561; x_wconf 89' lang='lat' dir='ltr'>Vll</span> <span class='ocrx_word' id='word_1_206' title='bbox 1207 3517 1301 3560; x_wconf 86' lang='lat' dir='ltr'>firmat.</span> 
     </span>
     <span class='ocr_line' id='line_1_28' title="bbox 236 3590 1299 3656; baseline -0.004 -12"><span class='ocrx_word' id='word_1_207' title='bbox 236 3600 309 3645; x_wconf 87' lang='lat' dir='ltr'>Sedit</span> <span class='ocrx_word' id='word_1_208' title='bbox 327 3601 475 3644; x_wconf 90' lang='lat' dir='ltr'>Ludovieus</span> <span class='ocrx_word' id='word_1_209' title='bbox 495 3600 541 3643; x_wconf 94' lang='lat' dir='ltr'>Vll</span> <span class='ocrx_word' id='word_1_210' title='bbox 553 3599 623 3656; x_wconf 86' lang='lat' dir='ltr'>apud</span> <span class='ocrx_word' id='word_1_211' title='bbox 636 3600 767 3645; x_wconf 88' lang='lat' dir='ltr'>Moretum</span> <span class='ocrx_word' id='word_1_212' title='bbox 779 3601 812 3645; x_wconf 83' lang='lat' dir='ltr'>ab</span> <span class='ocrx_word' id='word_1_213' title='bbox 833 3613 858 3656; x_wconf 89' lang='lat'>19</span> <span class='ocrx_word' id='word_1_214' title='bbox 867 3590 964 3643; x_wconf 88' lang='lat' dir='ltr'>mensis</span> <span class='ocrx_word' id='word_1_215' title='bbox 983 3599 1058 3656; x_wconf 91' lang='lat' dir='ltr'>april.</span> <span class='ocrx_word' id='word_1_216' title='bbox 1080 3597 1132 3642; x_wconf 76' lang='lat'>1153</span> <span class='ocrx_word' id='word_1_217' title='bbox 1141 3597 1175 3641; x_wconf 90' lang='lat' dir='ltr'>ad</span> <span class='ocrx_word' id='word_1_218' title='bbox 1189 3597 1203 3642; x_wconf 87' lang='grc'><strong>3</strong></span> <span class='ocrx_word' id='word_1_219' title='bbox 1221 3597 1299 3654; x_wconf 83' lang='lat' dir='ltr'>april.</span> 
     </span>
     <span class='ocr_line' id='line_1_29' title="bbox 237 3663 1047 3736; baseline -0.002 -12"><span class='ocrx_word' id='word_1_220' title='bbox 237 3682 289 3736; x_wconf 75' lang='lat'>1154</span> <span class='ocrx_word' id='word_1_221' title='bbox 301 3681 455 3735; x_wconf 60' lang='lat' dir='ltr'>(Lucullus.</span> <span class='ocrx_word' id='word_1_222' title='bbox 471 3663 564 3723; x_wconf 71' lang='lat' dir='ltr'>dtudes</span> <span class='ocrx_word' id='word_1_223' title='bbox 573 3692 619 3723; x_wconf 85' lang='lat' dir='ltr'>sur</span> <span class='ocrx_word' id='word_1_224' title='bbox 629 3679 663 3724; x_wconf 86' lang='lat' dir='ltr'>les</span> <span class='ocrx_word' id='word_1_225' title='bbox 673 3682 743 3725; x_wconf 80' lang='lat' dir='ltr'>Actes</span> <span class='ocrx_word' id='word_1_226' title='bbox 755 3681 784 3725; x_wconf 87' lang='grc'>(16</span> <span class='ocrx_word' id='word_1_227' title='bbox 793 3681 870 3724; x_wconf 85' lang='lat' dir='ltr'>Louis</span> <span class='ocrx_word' id='word_1_228' title='bbox 887 3679 939 3733; x_wconf 87' lang='lat' dir='ltr'><em>VII,</em></span> <span class='ocrx_word' id='word_1_229' title='bbox 950 3690 977 3723; x_wconf 61' lang='lat' dir='ltr'>n0</span> <span class='ocrx_word' id='word_1_230' title='bbox 990 3680 1047 3734; x_wconf 73' lang='lat'>296).</span> 
     </span>
    </p>
   </div>
   <div class='ocr_carea' id='block_1_4' title="bbox 236 3759 1302 3913">
    <p class='ocr_par' dir='ltr' id='par_1_6' title="bbox 236 3759 1302 3913">
     <span class='ocr_line' id='line_1_30' title="bbox 261 3759 1302 3835; baseline -0.003 -13"><span class='ocrx_word' id='word_1_231' title='bbox 261 3788 282 3822; x_wconf 78' lang='lat' dir='ltr'>s.</span> <span class='ocrx_word' id='word_1_232' title='bbox 299 3776 384 3822; x_wconf 84' lang='lat' dir='ltr'>Gallia</span> <span class='ocrx_word' id='word_1_233' title='bbox 393 3777 542 3832; x_wconf 80' lang='lat' dir='ltr'>christiana,</span> <span class='ocrx_word' id='word_1_234' title='bbox 558 3779 576 3822; x_wconf 93' lang='grc'>1.</span> <span class='ocrx_word' id='word_1_235' title='bbox 595 3776 636 3831; x_wconf 91' lang='lat' dir='ltr'>lV,</span> <span class='ocrx_word' id='word_1_236' title='bbox 655 3790 682 3835; x_wconf 90' lang='lat' dir='ltr'>p.</span> <span class='ocrx_word' id='word_1_237' title='bbox 704 3779 750 3823; x_wconf 86' lang='lat'>188.</span> <span class='ocrx_word' id='word_1_238' title='bbox 765 3779 805 3823; x_wconf 82' lang='lat' dir='ltr'>Cf.</span> <span class='ocrx_word' id='word_1_239' title='bbox 817 3778 960 3823; x_wconf 71' lang='lat' dir='ltr'>Lucunrnn.</span> <span class='ocrx_word' id='word_1_240' title='bbox 973 3759 1068 3821; x_wconf 66' lang='lat' dir='ltr'>E&#39;tudcs</span> <span class='ocrx_word' id='word_1_241' title='bbox 1081 3788 1126 3821; x_wconf 87' lang='lat' dir='ltr'>sur</span> <span class='ocrx_word' id='word_1_242' title='bbox 1138 3775 1173 3820; x_wconf 87' lang='lat' dir='ltr'>les</span> <span class='ocrx_word' id='word_1_243' title='bbox 1186 3775 1259 3819; x_wconf 80' lang='lat' dir='ltr'>Actes</span> <span class='ocrx_word' id='word_1_244' title='bbox 1272 3774 1302 3819; x_wconf 86' lang='lat' dir='ltr'>dc</span> 
     </span>
     <span class='ocr_line' id='line_1_31' title="bbox 236 3857 474 3913; baseline 0 -11"><span class='ocrx_word' id='word_1_245' title='bbox 236 3858 312 3902; x_wconf 84' lang='lat' dir='ltr'>Louis</span> <span class='ocrx_word' id='word_1_246' title='bbox 324 3857 373 3911; x_wconf 85' lang='lat' dir='ltr'><em>VII,</em></span> <span class='ocrx_word' id='word_1_247' title='bbox 387 3869 414 3900; x_wconf 65' lang='lat' dir='ltr'>nv</span> <span class='ocrx_word' id='word_1_248' title='bbox 425 3858 474 3913; x_wconf 78' lang='lat'><strong>765.</strong></span> 
     </span>
    </p>
   </div>
   <div class='ocr_carea' id='block_1_5' title="bbox 236 3954 1358 4679">
    <p class='ocr_par' dir='ltr' id='par_1_7' title="bbox 236 3954 1358 4679">
     <span class='ocr_line' id='line_1_32' title="bbox 261 3954 1302 4012; baseline -0.002 -12"><span class='ocrx_word' id='word_1_249' title='bbox 261 3957 281 4000; x_wconf 99' lang='grc' dir='ltr'>3Ι</span> <span class='ocrx_word' id='word_1_250' title='bbox 298 3956 498 4011; x_wconf 85' lang='lat' dir='ltr'>Gundebaldus,</span> <span class='ocrx_word' id='word_1_251' title='bbox 511 3968 570 4000; x_wconf 91' lang='lat' dir='ltr'>cum</span> <span class='ocrx_word' id='word_1_252' title='bbox 589 3955 742 4012; x_wconf 82' lang='lat' dir='ltr'>Burgundiae</span> <span class='ocrx_word' id='word_1_253' title='bbox 759 3967 869 4012; x_wconf 86' lang='lat' dir='ltr'>regnum</span> <span class='ocrx_word' id='word_1_254' title='bbox 881 3956 1026 4011; x_wconf 86' lang='lat' dir='ltr'>constituit,</span> <span class='ocrx_word' id='word_1_255' title='bbox 1043 3954 1190 4012; x_wconf 81' lang='lat' dir='ltr'>Lingonum</span> <span class='ocrx_word' id='word_1_256' title='bbox 1209 3954 1302 3998; x_wconf 90' lang='lat' dir='ltr'>urbem</span> 
     </span>
     <span class='ocr_line' id='line_1_33' title="bbox 236 4034 1301 4093; baseline -0.002 -14"><span class='ocrx_word' id='word_1_257' title='bbox 236 4035 373 4093; x_wconf 86' lang='lat' dir='ltr'>amplexus</span> <span class='ocrx_word' id='word_1_258' title='bbox 394 4040 434 4080; x_wconf 88' lang='lat' dir='ltr'>est</span> <span class='ocrx_word' id='word_1_259' title='bbox 454 4035 547 4087; x_wconf 75' lang='lat' dir='ltr'>(Gneo.</span> <span class='ocrx_word' id='word_1_260' title='bbox 572 4037 669 4080; x_wconf 83' lang='lat' dir='ltr'>Tunon.</span> <span class='ocrx_word' id='word_1_261' title='bbox 687 4036 750 4083; x_wconf 78' lang='lat' dir='ltr'>illst.</span> <span class='ocrx_word' id='word_1_262' title='bbox 774 4035 866 4079; x_wconf 79' lang='lat' dir='ltr'>Fraus.</span> <span class='ocrx_word' id='word_1_263' title='bbox 887 4035 918 4089; x_wconf 89' lang='lat'>11,</span> <span class='ocrx_word' id='word_1_264' title='bbox 937 4036 971 4088; x_wconf 78' lang='lat'>23,</span> <span class='ocrx_word' id='word_1_265' title='bbox 988 4036 1023 4086; x_wconf 74' lang='lat'>32.</span> <span class='ocrx_word' id='word_1_266' title='bbox 1052 4035 1095 4080; x_wconf 88' lang='lat' dir='ltr'>ed.</span> <span class='ocrx_word' id='word_1_267' title='bbox 1124 4035 1227 4089; x_wconf 74' lang='lat' dir='ltr'>Arndt),</span> <span class='ocrx_word' id='word_1_268' title='bbox 1255 4034 1301 4078; x_wconf 91' lang='lat' dir='ltr'>sed</span> 
     </span>
     <span class='ocr_line' id='line_1_34' title="bbox 236 4114 1303 4173; baseline -0.003 -13"><span class='ocrx_word' id='word_1_269' title='bbox 236 4117 413 4161; x_wconf 86' lang='lat' dir='ltr'>Romanorum</span> <span class='ocrx_word' id='word_1_270' title='bbox 423 4119 548 4173; x_wconf 87' lang='lat' dir='ltr'>ternpore.</span> <span class='ocrx_word' id='word_1_271' title='bbox 571 4116 598 4159; x_wconf 91' lang='lat' dir='ltr'>in</span> <span class='ocrx_word' id='word_1_272' title='bbox 611 4115 779 4172; x_wconf 87' lang='lat' dir='ltr'>Lugdunensi</span> <span class='ocrx_word' id='word_1_273' title='bbox 798 4115 882 4171; x_wconf 87' lang='lat' dir='ltr'>prima</span> <span class='ocrx_word' id='word_1_274' title='bbox 898 4116 954 4172; x_wconf 81' lang='lat' dir='ltr'>jam</span> <span class='ocrx_word' id='word_1_275' title='bbox 972 4115 1092 4160; x_wconf 78' lang='lat' dir='ltr'>civitates</span> <span class='ocrx_word' id='word_1_276' title='bbox 1111 4114 1258 4159; x_wconf 88' lang='lat' dir='ltr'>AEduorum</span> <span class='ocrx_word' id='word_1_277' title='bbox 1276 4117 1303 4158; x_wconf 91' lang='lat' dir='ltr'>et</span> 
     </span>
     <span class='ocr_line' id='line_1_35' title="bbox 236 4193 1298 4252; baseline -0.002 -13"><span class='ocrx_word' id='word_1_278' title='bbox 236 4196 383 4252; x_wconf 79' lang='lat' dir='ltr'>Lingonum</span> <span class='ocrx_word' id='word_1_279' title='bbox 392 4195 498 4240; x_wconf 85' lang='lat' dir='ltr'>inclusae</span> <span class='ocrx_word' id='word_1_280' title='bbox 509 4199 584 4240; x_wconf 89' lang='lat' dir='ltr'>erant</span> <span class='ocrx_word' id='word_1_281' title='bbox 595 4193 702 4248; x_wconf 86' lang='lat' dir='ltr'>(Notitia</span> <span class='ocrx_word' id='word_1_282' title='bbox 712 4195 898 4251; x_wconf 74' lang='lat' dir='ltr'>provinciarum</span> <span class='ocrx_word' id='word_1_283' title='bbox 913 4197 936 4238; x_wconf 86' lang='lat' dir='ltr'>ct</span> <span class='ocrx_word' id='word_1_284' title='bbox 948 4195 1074 4239; x_wconf 75' lang='lat' dir='ltr'>civitatum</span> <span class='ocrx_word' id='word_1_285' title='bbox 1087 4194 1238 4250; x_wconf 82' lang='lat' dir='ltr'>Galliarum,</span> <span class='ocrx_word' id='word_1_286' title='bbox 1256 4194 1298 4238; x_wconf 88' lang='lat' dir='ltr'>ed.</span> 
     </span>
     <span class='ocr_line' id='line_1_36' title="bbox 236 4274 1302 4333; baseline -0.001 -14"><span class='ocrx_word' id='word_1_287' title='bbox 236 4276 464 4333; x_wconf 82' lang='lat' dir='ltr'>Longnon‚p.13).</span> <span class='ocrx_word' id='word_1_288' title='bbox 485 4276 554 4320; x_wconf 92' lang='lat' dir='ltr'>Dum</span> <span class='ocrx_word' id='word_1_289' title='bbox 571 4276 656 4331; x_wconf 90' lang='lat' dir='ltr'>viguit</span> <span class='ocrx_word' id='word_1_290' title='bbox 675 4276 834 4319; x_wconf 86' lang='lat' dir='ltr'>Francorum</span> <span class='ocrx_word' id='word_1_291' title='bbox 851 4286 969 4331; x_wconf 88' lang='lat' dir='ltr'>regnum,</span> <span class='ocrx_word' id='word_1_292' title='bbox 990 4275 1076 4332; x_wconf 85' lang='lat' dir='ltr'>viguit</span> <span class='ocrx_word' id='word_1_293' title='bbox 1092 4279 1119 4320; x_wconf 89' lang='lat' dir='ltr'>et</span> <span class='ocrx_word' id='word_1_294' title='bbox 1134 4274 1302 4333; x_wconf 63' lang='lat' dir='ltr'>conjunctim</span> 
     </span>
     <span class='ocr_line' id='line_1_37' title="bbox 236 4343 1302 4422; baseline -0.001 -23"><span class='ocrx_word' id='word_1_295' title='bbox 236 4355 387 4413; x_wconf 90' lang='lat' dir='ltr'>Burgundia</span> <span class='ocrx_word' id='word_1_296' title='bbox 400 4360 429 4400; x_wconf 91' lang='lat' dir='ltr'>ut</span> <span class='ocrx_word' id='word_1_297' title='bbox 439 4360 515 4400; x_wconf 87' lang='lat' dir='ltr'>antea</span> <span class='ocrx_word' id='word_1_298' title='bbox 528 4357 670 4400; x_wconf 88' lang='lat' dir='ltr'>constituta</span> <span class='ocrx_word' id='word_1_299' title='bbox 682 4357 738 4399; x_wconf 84' lang='lat' dir='ltr'>erat</span> <span class='ocrx_word' id='word_1_300' title='bbox 748 4366 762 4398; x_wconf 89' lang='grc'>6</span> <span class='ocrx_word' id='word_1_301' title='bbox 773 4354 923 4398; x_wconf 84' lang='lat' dir='ltr'>civitatibus</span> <span class='ocrx_word' id='word_1_302' title='bbox 935 4343 1083 4400; x_wconf 83' lang='lat' dir='ltr'>AEduorum</span> <span class='ocrx_word' id='word_1_303' title='bbox 1102 4359 1129 4400; x_wconf 88' lang='lat' dir='ltr'>et</span> <span class='ocrx_word' id='word_1_304' title='bbox 1146 4356 1302 4422; x_wconf 65' lang='lat' dir='ltr'>Lingonum,</span> 
     </span>
     <span class='ocr_line' id='line_1_38' title="bbox 236 4434 1301 4493; baseline -0.001 -13"><span class='ocrx_word' id='word_1_305' title='bbox 236 4436 273 4480; x_wconf 90' lang='lat' dir='ltr'>sic</span> <span class='ocrx_word' id='word_1_306' title='bbox 284 4437 451 4493; x_wconf 85' lang='lat' dir='ltr'>episcopatus</span> <span class='ocrx_word' id='word_1_307' title='bbox 468 4436 599 4481; x_wconf 87' lang='lat' dir='ltr'>continuit</span> <span class='ocrx_word' id='word_1_308' title='bbox 609 4436 800 4492; x_wconf 89' lang='lat' dir='ltr'>Lingonensem</span> <span class='ocrx_word' id='word_1_309' title='bbox 816 4437 842 4478; x_wconf 88' lang='lat' dir='ltr'>et</span> <span class='ocrx_word' id='word_1_310' title='bbox 852 4434 1116 4490; x_wconf 77' lang='lat' dir='ltr'>Augustodunensem</span> <span class='ocrx_word' id='word_1_311' title='bbox 1128 4436 1161 4489; x_wconf 87' lang='lat' dir='ltr'>(J.</span> <span class='ocrx_word' id='word_1_312' title='bbox 1173 4435 1301 4480; x_wconf 66' lang='lat' dir='ltr'>Genuum.</span> 
     </span>
     <span class='ocr_line' id='line_1_39' title="bbox 238 4513 1358 4583; baseline 0 -24"><span class='ocrx_word' id='word_1_313' title='bbox 238 4514 342 4559; x_wconf 81' lang='lat' dir='ltr'>Chartes</span> <span class='ocrx_word' id='word_1_314' title='bbox 355 4517 575 4575; x_wconf 82' lang='lat' dir='ltr'>bourguignonncs</span> <span class='ocrx_word' id='word_1_315' title='bbox 587 4515 630 4560; x_wconf 83' lang='lat' dir='ltr'>des</span> <span class='ocrx_word' id='word_1_316' title='bbox 643 4525 685 4568; x_wconf 77' lang='lat' dir='ltr'>nr,</span> <span class='ocrx_word' id='word_1_317' title='bbox 699 4525 733 4570; x_wconf 77' lang='lat'>1⁸,</span> <span class='ocrx_word' id='word_1_318' title='bbox 745 4524 783 4559; x_wconf 86' lang='lat' dir='ltr'>x1·</span> <span class='ocrx_word' id='word_1_319' title='bbox 795 4513 887 4568; x_wconf 84' lang='lat' dir='ltr'>sie&#39;cles,</span> <span class='ocrx_word' id='word_1_320' title='bbox 900 4526 927 4570; x_wconf 88' lang='lat' dir='ltr'>p.</span> <span class='ocrx_word' id='word_1_321' title='bbox 943 4514 1023 4570; x_wconf 60' lang='grc'><strong>4148).</strong></span> <span class='ocrx_word' id='word_1_322' title='bbox 1040 4514 1134 4579; x_wconf 72' lang='lat' dir='ltr'>Magnp</span> <span class='ocrx_word' id='word_1_323' title='bbox 1152 4527 1212 4577; x_wconf 84' lang='lat' dir='ltr'>pars</span> <span class='ocrx_word' id='word_1_324' title='bbox 1222 4515 1321 4583; x_wconf 46' lang='lat' dir='ltr'>igitur..</span> <span class='ocrx_word' id='word_1_325' title='bbox 1336 4548 1358 4583; x_wconf 43' lang='grc' dir='ltr'>ο.</span> 
     </span>
     <span class='ocr_line' id='line_1_40' title="bbox 236 4578 1358 4679; baseline -0.002 -39"><span class='ocrx_word' id='word_1_326' title='bbox 236 4597 350 4653; x_wconf 80' lang='lat' dir='ltr'>antiquae</span> <span class='ocrx_word' id='word_1_327' title='bbox 361 4597 515 4653; x_wconf 76' lang='lat' dir='ltr'>Burgundios</span> <span class='ocrx_word' id='word_1_328' title='bbox 529 4597 652 4642; x_wconf 85' lang='lat' dir='ltr'>distracta</span> <span class='ocrx_word' id='word_1_329' title='bbox 661 4595 713 4641; x_wconf 85' lang='lat' dir='ltr'>luit</span> <span class='ocrx_word' id='word_1_330' title='bbox 723 4595 811 4640; x_wconf 92' lang='lat' dir='ltr'>medio</span> <span class='ocrx_word' id='word_1_331' title='bbox 824 4592 981 4639; x_wconf 90' lang='lat' dir='ltr'>duodecimo</span> <span class='ocrx_word' id='word_1_332' title='bbox 990 4594 1089 4644; x_wconf 87' lang='lat' dir='ltr'>seculo.</span> <span class='ocrx_word' id='word_1_333' title='bbox 1117 4591 1129 4671; x_wconf 72' lang='grc' dir='ltr'>ξ</span> <span class='ocrx_word' id='word_1_334' title='bbox 1155 4590 1166 4672; x_wconf 71' lang='grc' dir='ltr'>ξ</span> <span class='ocrx_word' id='word_1_335' title='bbox 1185 4584 1227 4679; x_wconf 57' lang='lat'>:⁶⁰3</span> <span class='ocrx_word' id='word_1_336' title='bbox 1238 4581 1278 4662; x_wconf 64' lang='lat'>{1⁹</span> <span class='ocrx_word' id='word_1_337' title='bbox 1301 4578 1358 4660; x_wconf 59' lang='grc' dir='ltr'>ξξεξ</span> 
     </span>
    </p>
   </div>
   <div class='ocr_carea' id='block_1_6' title="bbox 0 0 1552 5446">
    <p class='ocr_par' dir='ltr' id='par_1_8' title="bbox 0 0 1552 5446">
     <span class='ocr_line' id='line_1_41' title="bbox 0 0 1552 5446; baseline 0 0"><span class='ocrx_word' id='word_1_338' title='bbox 0 0 1552 5446; x_wconf 95' lang='lat' dir='ltr'> </span> 
     </span>
    </p>
   </div>
  </div>
 </body>
</html>
