3082 5446
712 609 851 666 -7g-
944 641 948 650 .

250 737 343 806 dum
363 736 528 807 Castillae
548 760 657 829 reges
684 748 722 809 et
749 738 889 810 Leonis
916 762 939 810 a
963 739 1181 811 christianis
1210 751 1316 812 trans

248 863 400 924 montes
424 854 506 924 sitis
534 876 708 947 persaepe
729 855 914 925 auxilium
933 865 1083 948 petunt.
1102 857 1315 927 Prudenter

247 970 514 1040 Ferdinandus
552 969 568 1038 l
606 981 642 1041 et
673 970 859 1041 Alfonsus
878 972 930 1042 Vl
961 971 1189 1042 Cluniacum
1213 973 1315 1042 adie-

247 1095 357 1172 runt,
374 1085 478 1178 quod
504 1107 571 1156 eos
593 1108 673 1156 non
701 1087 871 1177 fugiebat
889 1087 988 1156 hane
1015 1087 1214 1157 abbatiam
1234 1110 1314 1158 ma·

247 1201 312 1291 gni
344 1201 529 1293 ponderis
563 1225 645 1272 esse
680 1202 785 1294 apud
818 1203 1002 1295 aequaleS,
1038 1212 1076 1272 et
1109 1203 1314 1273 abbatibus
1384 1279 1387 1282 ,

246 1339 318 1409 pro
365 1317 508 1388 auxilio
554 1318 761 1388 annualem
808 1340 967 1388 censum
1004 1318 1167 1411 polliciti
1208 1328 1310 1407 sunt,

168 1431 173 1440 '
248 1433 591 1526 hispaniarumque
626 1434 874 1504 ecclesiarum
895 1434 957 1503 vel
989 1411 1314 1504 monasr'eriorum

245 1549 456 1619 rectionem
499 1548 780 1620 tradiderunt¹.
823 1549 1095 1619 Cluniacenses
1131 1549 1312 1620 monaehi

245 1686 324 1734 non
364 1665 517 1755 ingrato
554 1665 709 1735 luerunt
742 1665 886 1735 animo,
909 1665 977 1734 His
1005 1664 1310 1756 postulantibus,

243 1780 426 1873 permulti
484 1779 779 1871 Burgundiones
841 1790 992 1851 montes
1048 1779 1308 1867 transierunt,

240 1887 313 1964 'seu
344 1896 503 1988 proprio
536 1905 658 1983 moto,
693 1919 762 1965 seu
799 1918 821 1965 a
859 1896 1024 1966 ducibus
1062 1896 1307 1989 ducti;·qui‚

244 2011 299 2080 eis
318 2012 489 2104 exceptis
505 2011 572 2105 qui
590 2020 756 2080 mortem
777 2011 956 2081 obierunt
971 2012 1032 2082 vel
1056 2013 1097 2081 in
1123 2012 1311 2104 Hispania

243 2125 482 2197 domicilium
512 2125 812 2215 collocaverunt,
837 2149 857 2196 «
876 2127 1044 2219 plurima
1064 2128 1193 2197 onusti
1211 2149 1308 2221 prae·

270 2460 291 2491 1.
308 2447 421 2498 Sacuun,
438 2450 458 2491 t.
475 2447 504 2498 ll,
515 2459 542 2503 p.
557 2459 593 2491 101
608 2459 646 2504 sq.
666 2447 722 2502 (Dic
739 2445 914 2491 Cluniaecnser
928 2448 953 2490 in
969 2429 1101 2503 Spanien);
1121 2445 1231 2494 meor.
1253 2446 1310 2491 His·

242 2528 306 2571 tetre
321 2526 351 2571 de
365 2526 456 2582 Clony,
467 2530 487 2571 t.
502 2527 533 2581 ll,
548 2540 575 2584 p,
590 2528 629 2571 108
638 2540 679 2583 sq.
700 2551 725 2558 -
745 2525 826 2583 Quasi
842 2527 940 2582 emptio
960 2527 1078 2584 quadam
1098 2526 1166 2571 faeta
1181 2530 1222 2571 est
1240 2527 1309 2570 inter

240 2606 369 2664 Hispania
390 2619 463 2661 reges
476 2607 711 2663 Cluniaccnscsque
721 2606 838 2660 abbates,
845 2607 1017 2662 JureJurando
1029 2606 1185 2662 gravissimo
1197 2606 1307 2651 adstric-

240 2690 291 2734 tos.
307 2686 396 2743 Quum
406 2686 532 2730 Allonsus
543 2698 590 2729 rex
600 2699 707 2730 censum
727 2685 875 2737 annualem,
887 2698 966 2742 quem
978 2687 1160 2730 Ferdinandus
1175 2687 1308 2743 predeces-

240 2778 284 2809 sor
296 2766 507 2822 Cluniacensibus
514 2766 569 2822 jam
584 2765 710 2820 solvebat,
724 2765 868 2822 duplicavit
883 2766 988 2820 (Bauer,
999 2766 1097 2811 Reeaeil
1110 2765 1153 2809 des
1163 2767 1265 2812 chortes
1278 2766 1308 2810 dc

242 2844 333 2901 Cluny,
355 2849 375 2893 t.
398 2846 440 2899 lv,
459 2852 495 2889 n⁰·
511 2846 572 2900 3441,
591 2846 653 2900 3509,
670 2846 732 2899 aton,
750 2846 817 2900 36383
834 2845 930 2900 Midan,
944 2849 962 2889 t.
978 2845 1060 2899 CLIX,
1072 2847 1122 2889 col.
1139 2847 1197 2900 962),
1210 2845 1307 2890 talibus

239 2926 326 2971 verbis
342 2927 413 2971 baud
428 2927 557 2981 ambiguis
568 2938 631 2970 usus
642 2929 699 2971 est:
715 2939 727 2969 e
741 2926 778 2970 De
791 2929 878 2970 cetero
892 2938 938 2970 vos
948 2926 1036 2971 sciatis
1048 2938 1089 2969 me
1105 2927 1138 2969 ad
1152 2938 1266 2982 praeseus
1280 2927 1306 2969 in

238 3006 404 3063 pacificandis
421 3007 534 3064 Yspanie
546 3007 656 3051 urbibus
669 3007 745 3050 valde
758 3006 894 3050 adtentum
913 3018 977 3059 esse,
993 3018 1044 3062 que
1062 3009 1212 3062 postquam,
1225 3006 1315 3062 quod,

238 3087 293 3131 Deo
305 3089 446 3141 annuente,
456 3087 483 3130 in
495 3087 617 3143 proximo
626 3087 744 3131 futurum
755 3089 802 3131 est.
815 3086 878 3129 mibi
888 3085 988 3129 adcline
997 3086 1102 3140 suerint,
1110 3086 1217 3129 ecclesie
1225 3097 1305 3142 quam

237 3166 367 3210 aedificatis
389 3166 516 3210 auxilium
533 3166 625 3209 faciam
644 3169 670 3209 et
689 3166 819 3209 voluntati
837 3169 922 3209 vestre
942 3177 1108 3221 summopere
1127 3165 1304 3220 adquiescam.

235 3247 310 3290 Nunc
323 3258 386 3289 vero
397 3257 443 3302 per
455 3245 582 3288 domnum
595 3245 736 3301 Signinum.
745 3279 763 3291 ..
780 3245 869 3288 decem
879 3244 951 3288 milia
961 3245 1119 3288 talentorum
1133 3245 1208 3289 vobis
1221 3248 1303 3289 trans·

236 3327 312 3369 mitto
323 3340 335 3369 ιι
347 3325 450 3379 (Bauer,
461 3328 480 3368 t.
491 3325 533 3379 lV,
545 3337 570 3381 p.
580 3326 679 3380 697·⁶98›
692 3336 718 3368 n⁰
727 3326 797 3377 3562).
819 3324 881 3380 Quae
899 3323 1011 3380 epistola
1029 3325 1062 3367 ad
1075 3325 1200 3369 Sanctum
1216 3324 1304 3381 Hugo-

236 3417 297 3449 nem
309 3406 387 3449 missa
399 3406 500 3449 circiter
510 3417 579 3448 anno
591 3405 643 3448 1080
655 3406 750 3461 scripta
760 3409 808 3450 est.
828 3405 923 3448 Decem
944 3409 1006 3461 post
1021 3406 1105 3458 annis,
1118 3417 1178 3448 curn
1190 3408 1303 3461 Burgun-

236 3485 336 3540 diones,
347 3485 379 3529 ab
390 3484 484 3529 Odone
497 3485 507 3528 l
520 3485 600 3539 ducti,
611 3485 638 3528 in
648 3485 798 3541 Hispaniam
811 3485 970 3529 transierunt
984 3485 1161 3541 Tudelamque
1171 3497 1302 3542 expugna·

236 3569 337 3620 verunt,
348 3566 385 3609 ita
406 3565 621 3610 cluniacensibus
633 3566 768 3609 monachis
786 3565 882 3621 gratias
902 3565 955 3620 egit
974 3564 1116 3608 Alsonsus:
1130 3565 1224 3621 «Quia
1239 3577 1302 3609 vero

235 3644 333 3700 placuit
353 3646 542 3702 omnipotentie
566 3645 696 3689 Creatoris
715 3646 743 3689 iu
762 3657 842 3700 regno
863 3644 1039 3701 Hesperidum
1061 3644 1184 3688 roborare
1206 3645 1302 3688 solium

234 3737 330 3778 mcum,
353 3737 401 3781 ego
427 3725 473 3768 Dei
493 3726 577 3781 gratia
598 3738 645 3769 rex
662 3726 816 3778 Adefonsrrs,
828 3725 894 3768 sicut
904 3725 980 3768 heres
994 3728 1099 3780 paterne
1110 3724 1253 3781 diguitatis,
1265 3726 1301 3768 ita

234 3817 340 3861 quoque
349 3805 417 3848 bone
425 3816 559 3848 successor
567 3797 717 3857 voluntatis,
727 3808 831 3860 pactum
840 3805 953 3847 fraterne
962 3805 1092 3848 societatis
1103 3817 1163 3848 cum
1171 3805 1235 3848 meis
1244 3805 1302 3850 Clu-

234 3885 400 3929 niacensibus
420 3885 475 3938 inii,
492 3885 580 3939 statui,
595 3885 714 3937 firmavi;
731 3896 838 3928 censum
862 3896 968 3941 quoque
986 3884 1111 3938 largitatis
1130 3888 1237 3941 paterne
1255 3886 1301 3930 du·

234 3965 336 4021 plicavi,
348 3965 401 4008 duo
414 3964 485 4008 milia
497 3967 625 4008 manentes
638 3965 664 4007 in
681 3976 759 4007 censu
771 3964 876 4007 annuali
890 3964 1013 4008 Cluniaco
1023 3965 1176 4021 persolvens
1193 3965 1299 4020 (Bauer,

234 4048 254 4091 t.
268 4046 310 4099 IV,
321 4058 346 4102 p.
360 4047 407 4100 809,
420 4051 447 4087 n⁰
459 4044 528 4096 363³).
546 4069 571 4075 -
585 4045 622 4087 De
636 4044 681 4087 illo
698 4043 816 4098 Hugonc,
830 4043 992 4088 cluniacensi
1012 4045 1114 4098 abbate,
1127 4046 1202 4102 cujus
1223 4046 1299 4089 luter·

233 4129 314 4169 ventu
331 4126 473 4183 prasertim
491 4125 620 4181 Hispania
641 4135 714 4179 reges
731 4123 938 4179 Burgundiaquc
955 4137 1076 4181 proceres
1093 4127 1160 4170 inter
1179 4137 1235 4169 sese
1257 4139 1298 4169 res

232 4209 377 4260 gesserunt,
390 4206 518 4262 cujusque
537 4217 634 4248 nomen
644 4214 763 4259 persaepe
780 4207 940 4247 memoratur
966 4205 992 4247 in
1014 4204 1168 4260 Burgundio
1189 4205 1299 4248 historia

232 4285 370 4328 undecimo
386 4285 487 4336 saeculo¹
506 4285 539 4328 el.
555 4284 681 4338 blisum.
696 4282 779 4337 CLIX,
794 4282 907 4335 Sncrun,
920 4283 1027 4339 Provor,
1041 4284 1166 4335 Lonrrnrv,
1179 4297 1223 4341 op.
1237 4285 1297 4340 cit.;

232 4367 365 4418 Luuuaxx,
374 4364 547 4422 Forsebungen
558 4377 604 4407 zor
618 4363 759 4407 Geselrieltte
771 4363 814 4406 dcc
823 4363 895 4406 Abtes
905 4363 980 4422 Hugo
991 4376 1036 4407 von
1051 4363 1142 4418 Cluny,
1153 4365 1210 4418 iri-8,
1223 4366 1261 4409 113
1271 4378 1296 4420 p.

232 4443 378 4498 Gottiugue,
396 4445 459 4498 18693
471 4443 608 4498 Nsuunuu,
621 4442 697 4500 Hugo
709 4442 724 4486 Ι
733 4442 778 4486 der
790 4442 897 4500 Heilige,
910 4443 958 4486 Abt
975 4456 1020 4487 von
1035 4441 1127 4500 Cluny,
1144 4445 1212 4498 in-to,
1229 4444 1296 4502 1879;

231 4523 395 4567 L'Hormrun.
417 4504 458 4568 Vie
479 4523 509 4566 dc
532 4523 728 4581 Sciret-Hugues,
750 4522 808 4566 abbe
827 4523 858 4566 de
886 4521 978 4579 Cluny,
992 4523 1115 4577 roal-1109,
1134 4525 1210 4568 rvol.
1227 4525 1295 4583 in-80,

230 4603 269 4658 647
281 4615 309 4659 p.
324 4602 405 4658 Paris,
418 4600 513 4656 Polme,
529 4602 590 4650 1888.
