3082 5446
603 700 610 724 -.
694 632 834 688 -13-

233 762 463 835 Nortmanni
500 784 589 832 cum
615 761 721 831 omni
749 761 917 831 exercitu
936 782 1006 853 per
1025 759 1244 854 Sequanam
1260 773 1299 834 et

233 879 417 950 Icaunam
445 878 672 964 ascendunt,
706 876 813 947 nullo
851 876 1043 960 obstante,
1084 877 1156 946 sub
1193 879 1298 972 ripas

233 996 392 1065 trahunt
406 1016 539 1082 naves
556 993 688 1087 ibique
705 993 840 1062 castris
853 992 1003 1084 positis,
1014 994 1298 1085 percontinuos

235 1134 302 1181 sex
319 1132 472 1180 menses
492 1130 648 1180 omnem
662 1130 798 1199 agrum
812 1108 914 1178 circa
933 1107 1105 1180 Senones
1125 1109 1297 1204 depopu-

235 1227 364 1297 lantur
379 1235 578 1318 totamque
598 1224 862 1315 Burgundiam
877 1224 1114 1295 omnimodo
1130 1235 1297 1310 vastant,

235 1344 359 1413 idest
390 1342 552 1434 rapinis,
580 1341 769 1410 incendiis
798 1349 836 1410 et
855 1339 1060 1411 caedibus¹.
1083 1340 1298 1411 Incendun-

236 1469 298 1529 tur
313 1479 469 1550 quoque
499 1457 736 1527 monasteria
755 1455 886 1526 Sancti
906 1455 1090 1526 Germani
1109 1456 1298 1528 Autissio-

236 1573 412 1644 dorensis
445 1582 482 1642 et
506 1573 637 1644 Sancti
668 1572 773 1642 Petri
799 1571 1002 1642 Besuensis
1039 1594 1120 1642 non
1143 1573 1257 1664 longe
1279 1596 1302 1644 a

237 1689 465 1761 Divionensi
483 1689 578 1759 urbe
590 1685 614 1759 ².

758 2054 792 2124 ll

289 2316 520 2406 Burgundiae
540 2315 703 2386 ducatus
724 2315 896 2409 quidam,
918 2316 1000 2407 lege
1023 2318 1182 2410 propria
1208 2341 1306 2412 prae-

242 2433 357 2522 ditus,
384 2456 432 2502 ex
448 2432 677 2502 necessitate
702 2441 759 2502 est
785 2432 1034 2519 instauratus,
1055 2443 1097 2504 ut
1116 2443 1307 2505 constate

242 2570 359 2640 supra
373 2547 559 2633 narratis3
577 2548 746 2640 primum
766 2547 857 2640 quia
874 2548 1064 2619 libertatis
1081 2549 1309 2620 memoriam

241 2686 322 2734 non
337 2661 545 2733 amiserant
554 2662 848 2753 Burgundiones
859 2685 937 2756 qua
948 2664 1021 2734 frui
1036 2675 1307 2753 assueverant3

243 2780 381 2850 deinde
415 2779 507 2872 quia
545 2779 688 2850 frustra
731 2780 845 2870 regiae
884 2781 1069 2872 potestati
1111 2781 1311 2851 studuerat

244 2894 405 2965 Carolus
444 2894 608 2982 Calvus3
646 2904 887 2988 postremum
920 2896 1024 2988 quia,
1059 2895 1309 2968 Nortmannis

243 3010 527 3098 infestantibus,
566 3020 754 3081 venerunt
788 3033 896 3101 reges
929 3012 962 3081 si
998 3033 1079 3081 non
1110 3011 1309 3081 voluntate

245 3127 403 3219 quidem
431 3137 605 3197 carentes
643 3136 682 3198 at
703 3136 805 3196 certe
828 3126 979 3197 consilii
1015 3126 1235 3197 maturitate
1273 3135 1310 3196 et

246 3243 808 3336 corporisvaletudine.ltaque
825 3242 1120 3333 Burgundiones
1136 3264 1237 3329 cum,
1255 3264 1311 3312 as·

246 3358 365 3428 suetis
377 3358 733 3451 propugnatoribus
749 3358 934 3448 destituti,
950 3381 1125 3452 paganos
1140 3381 1211 3430 sua
1236 3380 1310 3452 ope

246 3473 474 3544 debellaturi
485 3483 625 3563 essent,
640 3474 937 3545 adescnsoribus
946 3475 1114 3567 propriis
1126 3473 1312 3544 auxilium

202 3677 204 3682 Ι
246 3590 466 3683 petiverunt
487 3599 525 3660 et
544 3591 599 3660 eis
618 3590 836 3684 imperandi
851 3588 915 3681 jus
936 3590 1050 3661 simul
1075 3612 1119 3660 ac
1140 3590 1312 3684 praesidii

274 3894 296 3931 1.
309 3881 530 3936 Ann.·Vednstini,
540 3880 574 3926 ad
585 3893 646 3930 ann.
661 3882 715 3937 8863
728 3880 1026 3936 Rucrxos1stron.‚ad
1038 3892 1096 3924 ann.
1109 3881 1161 3936 8883
1174 3879 1315 3924 Chrontron

249 3962 336 4008 Sancti
347 3963 417 4008 Petri
427 3964 472 4008 eici
486 3962 635 4007 Senonensts
647 3975 661 4006 a
674 3963 775 4007 Cularo
789 3963 915 4020 scriptum
925 3959 1117 4016 <Bibliotheque
1129 3961 1273 4017 historique
1283 3961 1315 4005 de

249 4043 366 4100 l'Yonne‚
377 4047 397 4092 t.
410 4043 442 4098 ll,
454 4057 481 4101 p·
498 4046 555 4099 499).
570 4042 639 4087 Urhs
651 4043 758 4087 obsessa
766 4042 880 4094 ¹liberata
890 4046 937 4096 est,
954 4045 983 4087 ut
995 4047 1125 4097 narratur,
1137 4040 1170 4086 ab
1182 4041 1315 4086 Eberardo

249 4125 452 4182 archiepiscopo,
460 4125 506 4181 qui
518 4124 545 4167 in
553 4123 682 4169 chronicis
690 4123 814 4169 laudatur
826 4127 876 4168 ut«
887 4124 928 4168 vir
936 4123 1017 4168 totius
1025 4123 1170 4169 sanctitatis
1180 4125 1206 4167 et
1217 4122 1315 4179 sapien·

250 4205 291 4250 tiae
303 4205 389 4250 nitore
400 4204 528 4260 fulgidus,
541 4217 554 4247 »

276 4317 299 4352 a.
314 4290 380 4348 Ann.
391 4302 573 4347 Lemovicenses
595 4301 649 4354 (SS.
664 4301 695 4357 11,
712 4315 737 4359 p.
751 4303 816 4357 αὔης
837 4301 974 4347 chronicon
993 4301 1115 4356 besuense,
1132 4313 1157 4357 p.
1177 4301 1276 4357 279280.
1289 4323 1317 4332 -

250 4385 319 4429 Fons
331 4383 431 4428 Besuus
443 4395 490 4441 per
501 4386 554 4427 tres
565 4381 621 4426 dies
635 4381 829 4427 aNortmannis
841 4381 1016 4439 depopulatus
1029 4384 1077 4435 est,
1090 4384 1117 4425 et
1128 4380 1205 4425 occisi
1215 4383 1278 4424 sunt
1289 4380 1317 4424 in

250 4463 410 4508 monasterio
423 4462 505 4508 sancti
517 4462 585 4506 Petri
602 4462 723 4506 monachi
734 4473 847 4517 quorum
861 4461 910 4505 ista
927 4463 989 4505 sunt
1000 4460 1108 4504 nomina
1121 4473 1126 4504 :
1141 4461 1317 4517 Ayrmannus,

251 4544 387 4599 Genesius,
412 4542 547 4598 Beraldus,
576 4541 703 4597 sifardus,
733 4540 830 4596 Rodco,
856 4540 992 4585 Ansuinus
1018 4539 1155 4597 presbiter,
1180 4539 1317 4586 Adalricus

251 4624 377 4680 puerulus
391 4624 465 4678 (Ann.
482 4624 616 4679 besuenses,
630 4622 663 4667 ad
675 4634 733 4667 ann.
745 4622 802 4674 888).
