3082 5446
697 617 834 673 „12-

281 746 356 819 Sed
371 755 579 839 postquam
598 745 803 817 defunctus
818 756 876 817 est
895 746 958 817 illc
978 747 1299 838 Burgundionum

232 871 514 956 propugnator,
538 862 702 932 miseriis
726 872 764 933 et
787 863 1083 952 calamitatibus,
1105 873 1148 934 ut
1174 865 1301 935 Gallia

233 980 333 1072 ipsa,
353 978 556 1071 profligata
575 987 633 1048 est
645 978 881 1068 Burgundia.
895 978 1071 1049 Abanno
1091 980 1177 1074 877,
1192 981 1302 1050 idest

235 1116 338 1165 anno
366 1102 457 1186 post
483 1094 728 1186 imperatoris
747 1104 926 1182 mortem,
958 1117 980 1164 a
1006 1096 1300 1189 chronographo

236 1210 367 1280 Sancti
388 1209 549 1299 Benigni
575 1209 787 1302 accipimus
806 1212 1097 1298 monasterium,
1123 1212 1302 1304 quamvis

236 1326 285 1396 ab
301 1324 442 1396 abbate
462 1324 654 1394 Bertilone
670 1325 806 1395 callide
821 1337 966 1397 rectum
984 1327 1046 1414 sit,
1063 1329 1204 1397 iterum
1219 1350 1301 1397 esse

236 1441 468 1534 relapsum«
488 1441 539 1511 ob
559 1440 846 1512 infestationem
864 1464 1106 1535 paganorum
1126 1467 1160 1514 a.
1179 1443 1302 1513 Immo

163 1591 166 1594 >
236 1557 368 1628 infelix
386 1556 450 1626 ille
471 1556 593 1626 abbas
608 1579 632 1626 a
644 1556 894 1629 Nortmannis
913 1559 1174 1651 deprehensus
1194 1569 1252 1630 est
1265 1569 1304 1629 ct

237 1669 482 1743 decollatus¹.
506 1673 660 1761 Postea,
692 1696 794 1744 anno
819 1675 905 1767 889,
930 1674 1180 1747 Nortmannis
1200 1697 1301 1762 cum,

236 1789 390 1859 accensi
414 1787 662 1858 Carlomanni
687 1799 825 1876 morte,
849 1789 977 1860 Caroli
998 1790 1106 1860 Calvi
1134 1791 1302 1883 nepotis,
1386 1793 1389 1800 ’

233 1904 315 1996 jam
353 1903 542 1997 Sequanae
579 1905 684 1974 viam
721 1905 958 1995 indagabant
990 1928 1013 1976 a
1046 1906 1303 1996 Rothomago,

237 2018 559 2109 Burgundionum
584 2029 622 2090 ct
644 2019 910 2092 Neustriorum
931 2023 1120 2093 exercitus
1147 2022 1307 2115 quidam
1369 2017 1372 2023 ’

240 2136 396 2206 obstare
421 2135 596 2231 nequiuit
627 2136 733 2228 quod
771 2137 948 2227 alligatus
974 2138 1257 2231 impediebatur
1285 2161 1307 2208 a

241 2250 456 2340 Reynold0,
477 2251 764 2322 Cenomannico
780 2252 910 2324 duce¹.
928 2255 1186 2339 Postremum,
1204 2276 1307 2324 anno
1408 2248 1417 2259 ²

242 2365 327 2455 886,
353 2376 444 2458 post
473 2367 665 2438 Lutetiam
698 2368 911 2456 obsessam,
947 2369 1108 2440 Carolus
1146 2370 1307 2440 Crassus

243 2480 507 2572 Burgundiam
552 2484 732 2554 vastandi
771 2485 967 2556 licentiam
1003 2487 1165 2578 paganis
1202 2485 1309 2556 dedit

245 2597 352 2691 quod
363 2600 986 2672 auctoritatemsuamabnuissent
996 2601 1309 2695 incolae³.ltaquc

247 2818 373 2874 confugit,
388 2831 447 2863 cum
458 2831 518 2876 pars
531 2820 742 2877 septentrionalis
761 2822 833 2877 regni
850 2834 866 2866 a
882 2823 961 2867 fratre
981 2822 1113 2867 Ludovico
1133 2826 1259 2881 occupata
1271 2826 1311 2868 est

247 2898 321 2953 (Anu.
331 2898 480 2955 Bertinioni,
492 2899 526 2944 ud
538 2912 589 2944 ann
609 2901 722 2956 858,861).
733 2902 899 2960 Quapropter
911 2903 1067 2960 Burgundiae
1075 2903 1198 2961 episcopi,
1212 2907 1311 2948 uicum

248 2984 486 3034 remunerarentur,
494 2981 631 3038 praecipuis
641 2983 714 3038 regni
724 2983 831 3039 synodis
839 2984 987 3028 adfuerunt.
998 2984 1037 3028 Itu
1052 2985 1078 3028 in
1088 2984 1197 3042 synodis
1210 2984 1312 3028 Verme-

249 3060 293 3104 riae
316 3062 393 3115 <853)‚‘
406 3064 561 3120 saponarias
582 3066 648 3120 (859),
670 3064 821 3120 Pontigonis
839 3065 905 3120 (878),
931 3066 995 3109 actis
1025 3065 1082 3122 ejus
1102 3064 1313 3122 subscripserunt

250 3140 412 3187 Teutboldus
423 3147 449 3187 et
461 3144 539 3199 lsaac,
553 3144 729 3200 Lingonenses
743 3145 864 3201 episcopi,
877 3145 958 3188 Jonas
972 3148 999 3189 et
1014 3145 1170 3201 Adalgarius
1183 3145 1312 3201 Augusto-

251 3220 382 3266 dunenses
392 3223 514 3280 episcopi,
528 3224 691 3270 Godelsadus
701 3228 728 3269 et
737 3224 893 3279 Gerboldus,
901 3225 1096 3269 cabillonenses
1109 3225 1232 3283 episcopi,
1245 3224 1314 3269 Brai-

251 3302 346 3358 dingus
358 3302 401 3347 vel
417 3304 594 3360 Groindingus
614 3308 640 3349 et
658 3304 821 3360 Lambertus,
834 3305 1035 3349 Matisconenses
1047 3305 1171 3362 episcopi,
1193 3305 1270 3370 Abho
1287 3308 1313 3348 et

251 3382 330 3438 wala,
344 3384 588 3430 Autissiodorenses
599 3386 713 3443 episcopi
725 3385 850 3438 (Kadasa.
865 3384 1024 3442 Capitulorio
1043 3395 1132 3443 regum
1148 3383 1314 3440 Francorum,

251 3476 279 3521 p.
296 3465 344 3519 350,
354 3466 402 3520 426,
415 3467 472 3520 450).
486 3466 569 3510 Immo
582 3466 746 3523 Adalgarius,
757 3465 1003 3522 Augustodunensis
1013 3465 1159 3522 episcopus,
1168 3464 1241 3509 velut
1251 3464 1313 3508 mis·

252 3557 297 3590 sus
308 3545 342 3590 ad
352 3546 460 3591 Romam
472 3547 605 3603 profectus
613 3551 653 3592 est
664 3558 734 3590 anno
746 3548 786 3602 878
798 3546 874 3598 (Αηη.
890 3545 967 3599 Bert,
980 3546 1013 3590 ad
1026 3557 1086 3593 ann.
1096 3545 1153 3600 878).

280 3649 299 3680 1.
315 3635 455 3682 chronicon
468 3636 584 3695 Benigni,
599 3638 734 3694 p.1o3-106.

278 3728 298 3772 2.
311 3728 383 3772 Inter
400 3728 455 3772 haec
476 3739 566 3772 omnes
586 3728 631 3783 qui
652 3727 824 3771 morabantur
841 3725 962 3770 Neustria
979 3729 1057 3781 atque
1070 3723 1230 3779 Burgundia,
1254 3722 1316 3767 adu·

252 3812 357 3860 uantur,
369 3811 396 3852 et
406 3807 514 3853 collecto
526 3808 641 3852 exercitu
654 3807 799 3851 adveniunt
818 3806 893 3862 quasi
904 3804 1058 3849 debellaturi
1070 3803 1254 3848 Nortmannos.
1265 3801 1316 3847 Sed

237 3880 240 3886 ’
253 3892 283 3933 ut
292 3889 415 3945 congredi
429 3888 584 3941 debuerunt,
596 3888 705 3944 contigit
715 3898 790 3931 ruere
802 3885 975 3942 Ragnoldum,
984 3885 1077 3928 ducem
1091 3883 1314 3931 cinomannicum,

253 3982 313 4014 cum
322 3970 419 4027 paucis,
431 3973 457 4014 et
468 3970 529 4014 hinc
539 3969 639 4013 rediere
655 3980 746 4012 omncs
766 3967 798 4012 ad
817 3967 874 4011 loca
896 3978 942 4010 sua
960 3977 1019 4009 cum
1038 3975 1130 4017 magua
1147 3963 1266 4018 tristitia;
1280 3961 1317 4006 nil

254 4054 340 4096 actum
350 4051 413 4095 utile
427 4051 502 4103 (Anu.
516 4049 647 4104 l'edosiini,
661 4049 694 4093 ad
703 4061 763 4092 ann.
776 4048 833 4098 885).

280 4141 300 4185 3.
314 4141 458 4197 Imperator
470 4140 623 4197 perterritus
633 4138 791 4196 quibusdam
804 4148 850 4194 per
860 4134 1039 4191 Burgundiam
1059 4131 1171 4188 vagandi
1185 4131 1317 4175 licentiam

255 4222 352 4266 dedit...
361 4222 383 4265 si
394 4234 410 4266 a
420 4233 500 4276 regno
511 4221 566 4264 eius
576 4223 675 4265 statuto
683 4220 751 4263 inter
761 4229 806 4262 eos
818 4220 936 4273 tempore
947 4213 1111 4258 discederent
1121 4213 1196 4263 (Ann.
1205 4210 1318 4255 Fuldcn-

254 4315 301 4358 ses,
316 4304 416 4346 auctore
432 4299 607 4360 Meginbardo,
620 4299 653 4344 ud
663 4312 722 4345 ann.
738 4299 801 4352 888.)
810 4297 841 4342 Et
851 4298 948 4340 sactum
961 4297 1000 4338 est
1012 4305 1075 4336 vero
1090 4292 1227 4336 consilium
1239 4291 1318 4334 mise-

256 4395 326 4438 rum;
336 4394 424 4426 nam...
435 4382 495 4426 data
503 4384 543 4425 est
553 4381 595 4424 via
606 4380 661 4424 sine
669 4379 865 4435 impedimento,
872 4379 901 4420 ut
909 4374 1087 4431 Burgundiam
1095 4373 1179 4416 hieme
1190 4371 1319 4427 depraeda-

255 4448 314 4507 rent
327 4462 404 4514 (dnn.
421 4461 554 4514 Vedaatini,
565 4460 599 4505 ud
609 4473 669 4508 oon.
680 4461 738 4511 888).
750 4459 790 4502 Ad
798 4461 945 4502 extremum
953 4454 1083 4499 concessis
1091 4453 1167 4496 terris
1175 4455 1201 4495 et
1211 4450 1319 4506 regioni-

256 4542 313 4597 bus,
320 4554 378 4599 quae
391 4542 459 4586 ultra
472 4543 620 4597 Sequanam
630 4543 712 4593 erant,
722 4537 891 4583 Nortmunnis
900 4535 933 4579 ad
943 4533 1148 4591 depredandum,
1157 4544 1188 4575 eo
1199 4531 1270 4586 quod
1283 4530 1319 4572 in·

256 4625 318 4670 colae
332 4623 432 4668 illarum
445 4621 688 4679 sibiobtcmperare
700 4619 832 4667 nollent...
852 4618 1004 4671 (Rucmours
1019 4612 1125 4668 Cicron,
1137 4611 1171 4657 ad
1182 4623 1243 4659 ann.
1257 4610 1318 4665 887).
