3082 5446
706 554 847 612 „97-

246 694 496 772 censuerant3
529 685 595 778 qui
628 685 834 755 Divionem
868 684 1007 754 urbem
1043 683 1084 753 in
1121 682 1311 776 spirituali

245 801 418 872 dominio
449 800 632 871 tenebant
656 800 926 893 permultaque
952 808 1076 870 castra
1103 799 1145 868 in
1172 798 1309 889 Lingo-

243 918 354 988 nensi
373 917 531 987 dioecesi
544 927 582 987 et
598 916 941 1006 Augustodunensi
956 925 993 986 et
1007 914 1270 985 Bisuntinensi
1283 926 1306 986 ¹.

243 1033 378 1126 Itaque
416 1055 505 1103 eum
541 1034 772 1123 eligerentur
808 1032 1000 1124 episcopi,
1041 1032 1309 1123 episcopatum

242 1149 351 1219 illum
365 1148 616 1218 metuendum
631 1147 808 1218 fidelibus
828 1148 890 1218 vel
910 1147 1207 1237 consanguineis
1231 1155 1306 1216 tra·

243 1267 332 1334 dere
378 1264 621 1335 studuerunt.
662 1263 778 1353 Quod
803 1273 840 1333 et
873 1264 962 1334 fecit
985 1263 1179 1334 Robertus
1216 1262 1308 1331 Pius

242 1380 491 1450 Lambertum
509 1380 748 1470 designando
773 1390 816 1450 ut
837 1380 1030 1450 Brunonis
1049 1378 1179 1449 locum
1199 1399 1311 1449 occu-

241 1506 351 1588 paret
362 1506 386 1584 ¹,
404 1496 685 1588 Hugonemque
705 1496 746 1565 in
764 1496 958 1566 Lamberti
978 1496 1119 1565 locum.
1137 1495 1219 1564 Rex
1236 1495 1311 1586 pri·

243 1633 308 1681 mo
347 1612 529 1683 clericum
579 1611 810 1704 quemdam,
853 1610 1088 1681 Richardum
1139 1611 1309 1696 nomine,

243 1728 423 1817 elegerat,
446 1727 652 1820 disciplina
672 1736 710 1797 et
727 1727 902 1797 moribus
922 1727 1126 1817 insignem,
1151 1726 1218 1796 sed
1239 1724 1312 1796 cle·
1335 1717 1338 1723 ’

242 1844 331 1912 ricis
356 1852 394 1913 et
415 1842 593 1913 fidelibus
621 1843 790 1913 invisum
816 1843 897 1935 qui,
921 1843 1092 1935 quinque
1112 1841 1311 1912 mensibus

243 1958 459 2051 completis,
474 1959 657 2051 expulsus
673 1969 732 2029 est
750 1968 788 2029 et
806 1980 971 2045 venenu,
984 1967 1026 2028 ut
1043 1958 1207 2044 videtur,
1218 1957 1311 2027 inte·

242 2074 319 2144 riit.
338 2074 372 2143 A
394 2074 620 2144 Constantia
636 2076 768 2164 regina
787 2076 968 2145 incitatus
984 2074 1098 2163 elegit
1117 2073 1310 2143 Robertus

242 2190 445 2280 Hugonem
461 2192 501 2259 in
512 2190 739 2260 Carnotensi
751 2190 908 2259 dioecesi
923 2189 1016 2259 olim
1023 2190 1305 2282 presbyterum,

242 2306 354 2399 eique
379 2306 486 2375 dedit
513 2304 636 2375 filium
662 2327 776 2375 suum
803 2304 1014 2375 Henricum
1041 2315 1084 2375 ut
1111 2306 1151 2373 in
1170 2305 1307 2394 Lingo-

240 2443 402 2491 nensem
430 2420 632 2491 ecclesiam
660 2417 905 2508 duceretur³3
929 2443 1046 2514 quem
1065 2421 1304 2513 episcopum,

242 2558 261 2604 «
283 2538 323 2606 in
353 2536 425 2606 Dei
456 2536 573 2606 domo
600 2536 693 2607 utile
714 2560 784 2608 vas
809 2561 829 2609 i)
857 2536 1040 2629 superbia
1067 2536 1142 2606 nisi
1171 2558 1306 2628 pecca·

238 2653 370 2741 visset,
392 2652 474 2743 Leo,
494 2653 546 2722 IX
564 2675 667 2746 papa
690 2655 730 2723 in
753 2637 935 2724 Remensi
961 2652 1124 2723 concilio
1145 2661 1307 2745 propter

238 2768 506 2839 crudelitatem
550 2768 730 2862 deposuit
746 2785 770 2839 ⁴.
810 2769 879 2839 His
922 2769 1094 2858 vestigiis
1130 2768 1305 2862 plerique

238 2884 356 2954 duces
380 2884 614 2973 institerunt,
648 2885 840 2978 siquidem
858 2885 1141 2975 Lingonensem
1160 2883 1305 2976 episco-

237 3009 373 3092 patum
395 3023 441 3070 ea
459 3009 572 3071 aetate
587 3010 794 3072 tenuerunt
813 3001 890 3071 duo
914 2999 1108 3093 principes
1131 2999 1304 3090 Burgun-

128 3128 129 3131 ’
232 3114 310 3184 diae
330 3114 484 3202 domus,
501 3116 569 3209 qui
584 3104 737 3187 luerunt
751 3115 956 3205 RobertuS,
974 3116 1125 3187 Odonis
1140 3116 1156 3186 Ι
1172 3116 1301 3206 irater,

236 3240 274 3301 et
293 3231 467 3323 Hugonis
486 3232 520 3302 ΙΙ
540 3230 640 3303 lilius
656 3229 884 3304 Galterius⁵.

262 3539 282 3572 1.
297 3527 465 3572 Divionensis
485 3528 651 3586 episcopatus
671 3542 741 3575 anno
764 3532 814 3588 1731
832 3533 1048 3577 tantumcreatus
1058 3534 1105 3576 est.
1119 3556 1144 3564 -
1157 3531 1196 3576 De
1206 3532 1304 3589 episco-

144 3622 147 3625 ·
232 3606 331 3665 'porum
343 3608 549 3664 Lingonensium
561 3612 699 3666 potestate,
715 3612 854 3656 undecimo
868 3612 955 3656 seculo
967 3611 1086 3662 ineunte,
1101 3611 1161 3655 vide
1172 3611 1302 3656 Paschalis

235 3687 258 3732 ll
271 3688 370 3732 bullam
380 3688 442 3746 Jam.
455 3689 499 3733 cit.
513 3688 610 3737 (Gallia
624 3691 711 3743 Christ,
727 3695 746 3735 t.
758 3692 778 3748 1,
790 3705 817 3749 p.
833 3693 924 3738 riti·
937 3692 975 3738 cf.
986 3692 1104 3736 Patarea.
1117 3703 1141 3736 0.
1154 3704 1189 3746 c.,
1199 3693 1298 3738 oio-251.

260 3799 283 3834 n.
307 3785 362 3832 Vita
377 3786 502 3841 Garnerii,
516 3789 587 3845 apud
597 3785 711 3842 Priami),
724 3800 749 3846 p.
763 3802 810 3845 127.

260 3884 284 3929 3.
301 3885 331 3928 ln
343 3885 401 3941 ipso
413 3898 482 3929 anno
494 3871 632 3930 defunctus
641 3890 680 3931 est
690 3887 809 3932 Domnus
817 3887 970 3933 Lambertus
979 3889 1122 3945 Lingonum
1130 3889 1299 3946 Episcopus...

234 3962 348 4008 lncuius
361 3964 447 4008 locum
464 3965 601 4010 substituit
615 3966 756 4010 Rotbertus
769 3979 815 4011 rex
833 3967 991 4025 Episcopum
1012 3968 1220 4016 Richardum....
1244 3969 1299 4014 Rex

233 4045 322 4086 autem
331 4044 446 4089 consiliis
459 4046 547 4100 regine
560 4047 593 4090 ad
606 4047 672 4091 iram
689 4047 784 4099 animo,
797 4047 892 4091 iterum
912 4049 985 4093 dedit
1000 4048 1186 4106 Episcopatum
1196 4049 1300 4093 cuidam

234 4123 326 4168 clerico
340 4123 507 4169 carnotensis
519 4126 640 4171 Ecclesie.
657 4126 733 4183 Hugo
750 4126 791 4171 hic
803 4130 859 4172 erat
869 4128 954 4173 dictus
965 4128 1071 4184 (Chron.
1087 4129 1203 4188 Benigni,
1213 4143 1239 4187 p.
1253 4129 1301 4186 17&

236 4208 294 4260 179).

259 4302 283 4357 4.
301 4300 394 4347 Chron.
407 4302 527 4362 Benigni,
538 4317 566 4360 p,
580 4317 629 4360 179.

258 4399 279 4442 5.
296 4399 400 4444 Dimisit
423 4401 604 4457 episcopatum
630 4400 796 4459 Godefridus,
816 4407 842 4448 et
861 4404 988 4449 Galnerus
1006 4407 1064 4462 (pro
1083 4406 1208 4460 Galterio)
1230 4406 1299 4452 filius

232 4477 351 4535 Hugonis
369 4480 443 4524 ducis
462 4481 599 4538 episcopus
616 4483 700 4527 factus
719 4486 757 4527 esi
783 4482 952 4536 (AnnaleeS.
973 4486 1089 4546 Benigni,
1110 4487 1313 4588 MchXffllst·

233 4558 805 4619 (1111111111,ρ,6ὄθιθαὶῖιαοὴνιείΝ,583.
1110 4569 1119 4588 ⁸
1182 4565 1240 4598 ·⁸⁰·
