3082 5446
268 670 375 711 eorum
398 651 610 709 matrimoniis.
629 683 659 692 -
681 650 726 706 De
741 649 880 718 Divione,
894 650 1030 707 Ducatus
1044 649 1230 722 Burgundioe

268 742 377 814 capite.

305 868 359 924 lll.
378 867 477 933 Quam
493 865 580 923 facile
596 865 706 922 ducum
722 873 861 936 potestas
880 866 955 922 tradi
975 864 1064 925 solita
1089 866 1139 936 sit,
1165 867 1231 924 llo-

268 958 354 1014 berto
367 957 379 1012 Ι
396 963 517 1013 mortuo
525 999 1229 1016 ........................................
1266 957 1302 1012 25

233 1172 348 1235 Carur
364 1171 424 1234 ΙΙΙ.
443 1206 481 1216 -
496 1171 548 1233 De
561 1168 726 1241 Ducibus,
740 1168 909 1252 episcopis
925 1175 958 1231 ct
972 1169 1159 1233 monacbis.

304 1351 327 1406 Ι.
345 1350 452 1415 Qualis
467 1349 560 1406 fuerit
581 1348 765 1420 Burgundim
781 1347 919 1419 ecclesia,
933 1349 1092 1406 undecimo
1108 1350 1229 1418 seculo;

269 1458 344 1512 quas
374 1456 450 1513 opes
476 1438 636 1495 habuerint
664 1437 860 1494 monasteria.
882 1438 980 1494 -De
1007 1437 1170 1507 Cluniaco;
1195 1438 1231 1495 de

270 1528 425 1586 Willalmo
440 1528 557 1584 abbate.

304 1655 343 1711 lI.
369 1655 415 1710 De
441 1654 558 1710 Ducum
584 1652 705 1727 pietate.
723 1652 800 1717 Quae
825 1669 930 1709 eorum
952 1670 1024 1727 pars
1043 1652 1074 1710 in
1089 1655 1230 1711 crucibus

268 1743 437 1818 hispanicis
453 1742 500 1798 vel
514 1742 662 1800 asiaticis.
679 1743 771 1798 -De
788 1743 918 1814 Hugone
933 1743 957 1812 1,
980 1743 1056 1800 duce
1075 1750 1106 1799 et
1125 1751 1231 1815 postea
1320 1791 1324 1796 .

268 1831 462 1890 Cluniacensi
483 1831 643 1890 monacho.
658 1863 691 1874 -
709 1831 827 1898 Quibus
845 1831 934 1888 donis
948 1832 1132 1889 monasteria
1145 1842 1232 1890 aucta

269 1923 339 1981 sint.
361 1955 392 1964 —
409 1923 454 1978 De
470 1921 577 1978 Odona
593 1921 616 1988 l,
633 1920 850 1978 Cisterciensis
870 1921 1048 1977 monasterii
1063 1922 1230 1979 fundatore.

304 2048 359 2104 lll.
377 2080 410 2088 —
431 2047 591 2114 Quomodo
614 2045 768 2103 Robertus
793 2045 805 2100 Ι
828 2052 859 2101 et
881 2045 947 2102 Odo
972 2046 1071 2120 Ijura
1094 2048 1231 2119 quoedam

269 2138 404 2207 recipere
417 2136 476 2192 nisi
493 2135 564 2205 sint,
582 2154 599 2191 a
614 2135 772 2193 monachis
788 2142 882 2209 rapta.
900 2167 934 2175 -
948 2135 1107 2201 Quomodo
1130 2136 1231 2210 plures

270 2244 286 2282 e
299 2226 396 2282 ducali
410 2225 500 2281 domo
511 2224 663 2299 principes
674 2225 709 2281 ad
721 2224 929 2298 episcopatum
940 2225 992 2280 lati
1007 2225 1115 2281 sint.—
1131 2225 1231 2290 Quare

270 2323 299 2372 et
323 2332 413 2388 quam
442 2313 579 2387 improbe
605 2314 742 2387 quaedam
768 2315 903 2372 Roberto
923 2316 935 2371 l
959 2323 990 2372 et
1013 2315 1145 2372 Odonil
1171 2317 1232 2373 sint

270 2404 388 2478 objecta
395 2447 1227 2466 ...............................................
1267 2406 1303 2462 45

234 2630 350 2692 (larua
365 2632 421 2694 IV.
436 2668 476 2680 -
490 2628 542 2690 De
556 2630 709 2695 Ducibus
723 2635 756 2692 et
768 2629 937 2692 nobilibus
953 2630 1175 2713 regibusque.

305 2822 328 2876 l.
347 2822 435 2880 Unde
450 2830 550 2880 ortum
566 2830 595 2879 at
609 2821 696 2896 quale
712 2820 801 2876 fuerit
820 2819 898 2889 apud
918 2819 1151 2892 Burgundiones
1167 2821 1232 2877 feu-

269 2911 375 2967 dorum
401 2911 548 2986 regimen.
575 2911 619 2968 De
644 2909 789 2967 castellis.
814 2910 860 2966 De
882 2908 1036 2979 praedandi
1060 2917 1089 2966 ct
1104 2910 1231 2982 vagandi

269 3018 364 3058 more.

305 3091 351 3147 De
368 3091 493 3150 Roberti
509 3092 521 3147 I
536 3089 614 3147 bello
629 3089 778 3147 adversus
794 3089 1015 3146 Nivernensem
1031 3089 1183 3146 comitem.
1198 3120 1231 3131 -

269 3180 429 3253 Quomodo
445 3180 534 3236 Curia
543 3178 628 3236 ducis
642 3178 682 3235 sit
694 3178 881 3252 composita:
898 3179 1040 3249 barones,
1052 3177 1229 3248 familiares,

269 3268 437 3342 praepositi.

305 3396 343 3453 Il.
360 3396 405 3451 De
420 3396 605 3468 Burgundiae
615 3396 701 3462 duce,
711 3394 794 3464 regis
805 3393 943 3450 Franciae
957 3410 970 3449 u
983 3393 1105 3450 homine
1120 3393 1194 3465 ligio
1204 3412 1228 3451 n.

269 3484 382 3549 -Qua
403 3501 457 3554 pro
472 3493 557 3558 parte
572 3483 758 3556 Burgundios
773 3483 866 3539 duces
883 3481 970 3552 regni
993 3483 1129 3538 Francius
1154 3483 1229 3539 bella

269 3574 464 3630 confecerint.
480 3607 511 3615 -
528 3574 613 3639 Quas
638 3590 688 3629 res
712 3590 780 3628 cum
806 3571 958 3628 Ludovico
984 3578 1071 3628 sexto
1096 3571 1186 3643 Hugo
1202 3572 1229 3628 Il

269 3663 454 3719 contraxerit
458 3706 802 3722 ....................
817 3712 819 3716 .
833 3703 1226 3720 .......................
1267 3663 1301 3718 73

235 3885 350 3948 Carur
365 3887 403 3949 V.
414 3921 455 3933 -
467 3886 587 3968 Qualis
594 3885 709 3970 suerit
717 3887 851 3949 Ducum
859 3889 1015 3968 potestus
1028 3883 1062 3945 in
1073 3884 1232 3965 Burgun-

394 3966 453 4027 diu
467 3966 579 4028 medio
594 3965 793 4028 duodecimo
808 3965 933 4027 seculo.

306 4153 328 4208 Ι.
346 4153 414 4218 Quo
429 4153 566 4209 modesto
583 4153 683 4210 animo
696 4152 807 4209 fuerint
823 4151 920 4209 nostri
933 4151 1026 4207 duces
1040 4169 1047 4220 ;
1067 4150 1104 4207 de
1124 4151 1229 4222 Hugo-

271 4259 307 4298 ne
322 4241 350 4297 Il
373 4241 494 4297 Borello
509 4242 555 4297 vel
578 4243 717 4298 Pacifico.
735 4274 768 4282 —
784 4235 902 4308 Quibus
924 4239 1090 4297 latrociniis
1103 4239 1152 4295 usi
1169 4240 1230 4295 sint

270 4329 511 4386 Matisconensis
542 4338 572 4386 et
598 4330 820 4388 Cabillonsnsis
845 4329 985 4398 comites,
1012 4335 1135 4402 propter
1163 4345 1229 4400 quae
1256 4350 1258 4354 ·

269 4418 413 4488 lugebant
427 4418 567 4475 ecclesias
582 4427 613 4476 et
627 4420 767 4493 populus.
784 4452 816 4460 —
833 4419 930 4484 Quam
953 4416 1099 4474 incuriosi
1118 4416 1227 4474 artium

268 4507 379 4565 fuerint
392 4525 509 4578 omnes,
526 4509 662 4581 exceptis
676 4508 842 4566 monachis.
